2325 2941
1181 124 1228 159 18

1156 238 1250 273 XXI.

274 300 413 343 Petrus,
438 299 625 345 presbiter,
655 301 735 333 emit
764 311 787 334 α
814 300 978 343 Marte‘no,
1008 301 1175 335 canonico
1206 300 1433 343 0lomucensi,
1463 302 1593 335 curiam
1621 302 1656 334 in
1683 300 1828 334 Crenaw
1858 302 2050 345 (Isi-enom)
2074 300 2134 335 sub

532 361 639 394 atmm‘
664 372 785 394 census
814 372 928 396 onere.
959 360 1019 394 Dc.
1052 361 1212 395 Olomucz,
1247 361 1322 396 VII.
1352 361 1498 396 Kalend.
1528 361 1732 396 Novembris
1762 361 1872 396 1308.

446 424 494 477 Ρ
497 448 585 478 etrus
614 443 790 490 presbyter
816 443 920 478 frater
946 443 1198 479 Zeernochonis
1216 466 1258 469 —
1283 456 1301 478 a
1331 444 1463 479 domino
1490 444 1633 480 Mai-tino
1661 448 1825 480 canonico
1856 444 2068 480 Olomucensi
2088 467 2130 470 —

273 509 397 540 curiam
426 516 519 539 suam
548 507 581 539 in
610 504 757 539 Crenaw
784 517 857 539 cum
887 508 989 550 agris,
1019 508 1074 550 qui
1102 508 1272 540 continent
1300 506 1441 540 medium
1471 506 1608 541 alterum
1640 506 1773 541 laneum
1808 506 1848 540 ad
1883 503 2073 541 mensuram
2102 511 2135 541 et

272 570 485 613 quantitatem
513 566 685 601 laneorum
714 566 754 601 de
782 566 860 601 villa
890 566 1110 603 Thescheticz
1138 571 1170 600 et
1201 571 1296 613 prato
1332 570 1393 601 sito
1428 572 1504 601 ante
1538 567 1736 602 Chomutow
1771 579 1830 614 pro
1859 567 1983 602 XXVI.
2013 570 2134 603 marcis

275 649 315 653 ——
349 630 413 661 emi
453 648 495 652 ——
529 639 569 661 ac
601 630 849 674 possessionem
884 630 1015 674 suscepi
1050 628 1109 662 sub
1143 631 1242 662 annui
1275 639 1396 663 census
1431 640 1535 663 onere
1567 650 1609 653 —
1642 632 1673 663 in
1707 628 1760 663 die
1788 628 1957 663 Katbedre
1991 639 2017 664 s.
2048 628 2134 663 Petri

271 689 413 724 medium
442 689 579 723 alterum
601 688 764 724 fertonem
784 710 825 713 —
844 700 904 735 pro
926 689 1070 724 eeclesia
1099 692 1216 723 maiori
1245 689 1330 735 apud
1360 692 1532 725 sacristam
1561 690 1699 724 tenebor
1727 690 1896 736 deponere
1918 694 1951 724 01
1971 689 2135 736 deponam

270 762 330 798 pro
359 753 508 795 magistri
538 750 697 797 Symonis
726 762 765 784 ac
794 750 917 785 domini
947 749 1088 785 Gotl'ridi
1123 751 1229 786 felicis
1261 754 1420 785 memorie
1454 751 1597 786 ecclesie
1631 751 1861 787 Olomucensis
1891 751 2135 785 Canonicorum

270 813 509 856 anuluersarijs
550 800 752 858 peragendis
784 833 826 836 —
859 811 928 846 Sub
964 812 1080 857 sigillis
1121 815 1241 847 ciuium
1277 812 1317 847 de
1348 813 1507 847 Olomucz
1542 813 1667 847 scilicet
1708 812 1909 847 Theoderici
1937 812 2135 848 Mercatoris

270 886 309 908 ac
337 873 466 908 Nicolai
494 872 654 918 Meingeti
686 895 728 897 —
760 873 882 907 Actum
910 878 943 908 01
971 873 1080 908 datum
1108 877 1141 908 in
1170 874 1309 908 Olomuc
1343 874 1450 908 1308.
1480 874 1552 908 VII.
1583 874 1751 909 Kalendas
1778 874 1992 909 Nouembris.

583 940 636 973 (Ex
661 940 735 974 Orig.
761 940 786 966 in
811 940 921 967 archivo
946 940 1054 975 capituli
1078 941 1199 968 Olomue.
1225 940 1342 968 extraxit
1367 941 1429 968 Ant.
1456 941 1587 974 Boczek.)

1147 1023 1255 1058 XXII.

270 1086 486 1119 Hermamms
515 1085 556 1119 (le
584 1085 845 1126 Primislawicz„
882 1085 1052 1130 VVotycho
1081 1086 1122 1119 de
1153 1086 1362 1120 Otaslawz'ez·
1391 1089 1425 1120 et
1456 1085 1613 1120 Buseehso
1642 1086 1683 1119 de
1712 1085 1871 1120 Lomm‘cz
1894 1087 2135 1131 pronuntiant,

269 1151 358 1193 quod
392 1146 576 1192 t't'oyslaas
605 1147 645 1180 (le
677 1146 856 1191 Crysanlc‘s
885 1151 919 1181 et
947 1147 1120 1181 Martinus
1155 1148 1270 1192 frater
1298 1150 1371 1192 ejus
1401 1159 1422 1181 a
1451 1150 1619 1181 concentu
1647 1149 1852 1181 riccila-§terii
1882 1147 2133 1182 Tis'novz'censv's

567 1208 683 1241 «villam
718 1208 892 1243 Wazlaws
921 1212 1085 1243 emerunt.
1116 1208 1176 1242 Di.
1207 1209 1336 1243 Brzmoe
1372 1208 1426 1244 VI.
1458 1208 1537 1242 Idus
1566 1208 1691 1242 Martii
1719 1208 1830 1242 1309.

443 1271 532 1326 Nos
562 1291 773 1327 Hermannus
803 1291 843 1326 de
872 1291 1096 1326 Primislauicz
1117 1297 1149 1326 et
1169 1292 1341 1339 Wotyebo
1363 1292 1403 1326 de
1427 1292 1653 1327 Otbaslawicz
1675 1296 1708 1326 et
1728 1292 1882 1327 Busecho
1905 1292 1946 1326 de
1967 1291 2137 1339 Lomnycz

271 1358 381 1387 notum
411 1352 550 1387 facimus
579 1356 745 1388 vniuersis
775 1365 914 1399 presens
947 1356 1103 1400 scriptum
1140 1357 1349 1400 inspecturis„
1383 1353 1470 1399 quod
1503 1354 1573 1389 Nos
1607 1354 1648 1388 ad
1680 1356 1880 1400 peticionem
1908 1353 2067 1400 Woyslai
2096 1353 2137 1388 de

270 1415 443 1461 Crysanlis
485 1419 517 1449 et
551 1414 697 1461 Martyni
726 1414 835 1449 fratris
865 1418 914 1450 sui
943 1415 1140 1449 famulorum
1170 1415 1352 1449 Ilermanni
1389 1415 1428 1449 de
1457 1415 1701 1462 Prymislawitz
1734 1415 1897 1460 quendam
1931 1419 2137 1449 contractum

269 1480 354 1510 inter
383 1479 488 1522 ipsum
530 1475 722 1522 Martynum
764 1481 796 1510 et
823 1476 1015 1522 Religiosas
1057 1477 1207 1511 dominas
1249 1477 1375 1512 scilicet
1403 1477 1569 1511 dominam
1610 1476 1847 1511 Bohuslawam
1876 1475 2078 1512 abbatissam
2107 1480 2140 1511 01

268 1543 468 1572 conuentum
505 1537 814 1572 Sanetimonialium
848 1538 888 1572 de
922 1538 1140 1573 Thusnowitz
1177 1538 1378 1573 celebratum
1413 1550 1515 1585 super
1548 1541 1715 1585 emptione
1751 1537 1826 1572 ville
1862 1537 2039 1573 Wazlaws
2075 1536 2136 1572 suh

270 1603 388 1633 0051115
418 1599 544 1644 Sigillis
572 1602 831 1646 conscripsimus
861 1602 1088 1646 promittentes
1118 1599 1159 1634 ad
1194 1603 1392 1646 peticionem
1425 1600 1648 1646 predictorum
1681 1599 1827 1646 Mai-tyni
1863 1604 1896 1633 et
1923 1598 2080 1645 Woyslai
2110 1601 2138 1633 si

269 1662 380 1694 relicta
410 1664 480 1695 siue
511 1673 598 1695 vxor
626 1664 690 1695 iam
720 1661 795 1695 dicti
823 1660 956 1695 Martini
980 1662 1033 1695 uel
1056 1661 1197 1696 heredes
1221 1666 1276 1695 aut
1303 1665 1405 1695 ceteri
1428 1664 1525 1696 amici
1554 1664 1603 1696 sui
1626 1665 1699 1708 post
1732 1660 1854 1695 obitum
1876 1663 1979 1706 ipsius
2001 1659 2135 1694 Martini

271 1723 435 1755 voluerint
463 1722 646 1768 infringere
675 1722 891 1757 condiciones
920 1727 951 1757 et
979 1726 1140 1769 promissa
1172 1726 1203 1757 in
1231 1726 1378 1769 presenti
1408 1726 1532 1769 scripto
1561 1727 1729 1761 contentaq
1760 1722 1847 1767 quod
1878 1733 1920 1755 ex
1951 1726 2027 1755 111110
2055 1732 2138 1768 pre—

271 1784 373 1817 1110105
403 1783 552 1818 dominas
595 1784 634 1818 de
664 1784 891 1818 'l'busnowicz
933 1789 969 1818 vt
998 1787 1028 1818 in
1058 1796 1118 1819 suo
1160 1787 1230 1818 iure
1260 1789 1477 1831 permaneant
1506 1783 1775 1830 promouebimus
1806 1783 1953 1817 lideliter.
1997 1782 2137 1817 Predicti

271 1849 459 1878 eontraetus
489 1850 593 1881 10001,
624 1856 720 1890 quem
757 1846 797 1879 (10
833 1845 939 1880 verbo
976 1846 1015 1879 ad
1050 1845 1189 1880 verbum
1223 1846 1431 1892 presentibus
1465 1846 1618 1879 duximus
1652 1845 1864 1879 inserendum
1897 1844 1969 1878 talis
1998 1848 2059 1878 051.
2097 1843 2139 1877 Ut

275 1918 327 1940 res
362 1910 457 1951 geste
493 1909 523 1939 in
557 1918 618 1941 suo
653 1909 773 1951 vigore
807 1912 839 1941 et
872 1910 902 1941 iu
937 1910 1095 1941 memoria
1129 1912 1347 1954 permaneant
1379 1907 1569 1942 desiderant
1603 1909 1733 1952 seriptis
1769 1908 1942 1940 autenticis
1975 1904 2135 1939 roborari.

275 1967 358 2001 11100
400 1971 450 2001 051
478 1967 562 2012 quod
605 1979 670 2012 ego
711 1968 873 2003 Martinus
915 1968 1017 2003 frater
1045 1969 1215 2015 Woyslay
1257 1969 1297 2003 de
1331 1968 1503 2015 Crysanlis
1547 1968 1688 2002 famulus
1723 1967 1845 2002 domini
1875 1966 2057 2000 Hermanni
2098 1965 2138 2000 110

274 2028 497 2063 l'rimislauicz
540 2032 704 2064 vuiuersis
746 2042 786 2064 ac
827 2030 966 2075 siugulis
994 2042 1133 2077 presens
1174 2033 1331 2076 scriptum
1372 2032 1570 2076 inspecturis
1611 2033 1788 2075 protestor⁷
1817 2027 1903 2074 quod
1945 2026 2020 2073 Ego
2062 2031 2140 2073 aput

275 2090 463 2131 Religiosas
493 2090 653 2129 dominas„
684 2091 809 2125 scilieet
837 2091 1002 2126 dominam
1032 2092 1269 2126 Boliuslawam
1297 2091 1499 2126 abbatissam
1527 2090 1722 2125 Monasterii
1752 2094 1845 2136 porte
1873 2088 1935 2123 celi
1964 2091 1997 2122 in
2020 2087 2138 2124 Thus-

275 2154 417 2186 nowicz.
455 2151 640 2195 Totumque
673 2158 872 2187 conuentum
915 2154 1213 2188 sanctimonialium
1253 2152 1401 2187 eiusdem
1436 2152 1631 2186 Monasterii
1668 2151 1911 2197 Cysterciensis
1949 2149 2074 2184 ordinis
2107 2153 2140 2184 et

275 2212 407 2247 l'rutrem
440 2212 617 2246 ilem-icum
647 2217 846 2259 prepositum
879 2215 987 2249 villam
1017 2226 1133 2249 eorum
1161 2214 1336 2249 Wazlaws
1365 2225 1439 2248 011111
1468 2216 1600 2260 pascuis
1629 2215 1730 2259 pratis
1765 2211 1856 2246 siluis
1891 2210 2139 2258 piscacionibus

274 2279 305 2307 et
333 2273 485 2307 0001111115
515 2276 728 2319 pertinenciis
758 2277 825 2308 suis
855 2280 997 2322 excepto
1027 2279 1293 2323 iurepatronatus
1326 2276 1470 2310 ecclesie
1506 2279 1538 2309 et
1571 2274 1676 2320 plenis
1712 2273 1850 2307 decimis
1884 2272 1969 2318 quod
1999 2277 2031 2307 01
2058 2283 2140 2318 quas

274 2336 358 2369 diete
388 2335 520 2368 ‹lomine
549 2346 608 2381 pro
638 2347 674 2369 se
705 2338 919 2370 1011011010111.
950 2342 982 2370 et
1011 2342 1152 2383 excepta
1182 2337 1258 2371 dote
1286 2337 1429 2371 ecclesie
1458 2338 1521 2369 emi
1558 2346 1616 2381 pro
1646 2336 1883 2380 quinquaginta
1917 2333 2040 2369 Marcis
2075 2333 2140 2368 de-

274 2399 439 2430 nariorum
482 2407 674 2437 grossorum
721 2408 794 2429 cum
838 2398 1089 2432 condicionibus
1132 2399 1315 2433 subnotatis
1356 2397 1512 2432 videlicet
1553 2395 1637 2441 quod
1683 2395 1755 2440 Ego
1791 2407 1850 2441 pro
1880 2399 2029 2441 tempore
2069 2397 2139 2430 vite

275 2469 346 2490 mee
376 2462 480 2503 ipsam
512 2458 623 2492 villam
655 2457 828 2492 Wazlaws
858 2461 929 2492 sine
959 2462 1169 2505 impetit-,ione
1198 2460 1418 2506 predictarum
1448 2458 1653 2491 dominarum
1684 2456 1790 2490 debeo
1815 2456 1952 2502 paeilice
1967 2456 2140 2503 possidere

275 2523 303 2551 et
337 2531 422 2553 vxor
451 2531 522 2553 mea
547 2522 572 2553 si
597 2521 719 2553 vixerit
748 2523 817 2564 post
850 2524 985 2552 mortem
1017 2532 1122 2554 10000]
1152 2525 1180 2554 et
1207 2524 1236 2554 in
1267 2521 1346 2554 sede
1368 2519 1489 2554 viduali
1520 2518 1659 2551 eandem
1683 2518 1794 2552 villam
1820 2518 1994 2552 Wazlaws
2022 2517 2139 2552 eodem

276 2583 344 2613 iure
374 2592 436 2625 quo
467 2585 636 2614 tenueram
667 2580 847 2626 possidebit
879 2592 936 2625 pro
966 2585 1113 2626 tempore
1144 2585 1209 2615 vile
1238 2594 1309 2616 sue⁴
1341 2581 1376 2614 si
1407 2591 1486 2613 uero
1517 2582 1664 2625 nupserit
1693 2579 1783 2612 011011
1815 2582 1898 2619 vii-0„
1929 2579 1983 2613 vel
2012 2581 2039 2614 si
2068 2589 2139 2613 vo—

276 2646 372 2674 eaute
414 2641 547 2675 domino
578 2645 646 2687 ipsa
679 2645 814 2675 moritur
856 2641 939 2675 dieta
971 2642 1046 2675 villu
1080 2642 1252 2677 Wazlaws
1282 2654 1353 2676 eum
1397 2640 1549 2675 omnibus
1592 2642 1804 2686 periineneijs
1847 2643 1914 2675 suis
1950 2643 2067 2690 statim
2100 2639 2139 2673 ad
