2341 3005
1061 149 1132 185 391

161 270 321 312 gerentes
363 269 560 301 inimicicias
602 267 756 311 ecetesijs
799 266 1084 311 ecclesiasticisqu
1129 268 1281 311 pei-sonis
1328 264 1483 298 damnum
1531 267 1593 299 nisi
1643 267 1801 299 monitum
1851 268 1907 298 aut
1953 266 2037 298 inter

162 327 279 374 laycos
308 328 477 374 predictos
512 339 674 362 rancores
713 333 743 362 et
780 322 854 361 odia
899 327 1111 361 didicerimus
1148 329 1284 360 exoriri.
1330 325 1516 360 huiusmodi
1546 326 1739 360 uenditores
1768 337 1828 360 seu
1857 325 2035 359 locatores

160 393 330 436 emptores
370 401 430 423 seu
459 390 682 423 conductores
718 389 874 435 predictis
911 389 1034 435 laycis.
1078 388 1262 422 ¹iudicibus.
1298 387 1489 421 clientibus.
1534 399 1594 422 sen
1638 389 1798 430 dominis.
1842 391 1898 421 aut
1930 389 2036 421 eciam

161 450 345 485 aduocatis.
390 451 442 485 uel
478 463 538 497 per
571 454 662 497 ipsos
704 451 776 485 lieri
813 451 853 484 de
889 455 1002 484 cetero
1038 450 1264 496 prohibemus.
1309 449 1344 483 Si
1378 452 1431 494 qui
1466 460 1547 483 uero
1581 449 1758 483 uendendo
1788 449 1839 483 uel
1883 447 2035 482 locando.

161 512 305 546 emendo
334 512 386 546 uel
430 512 650 547 conducendo
680 524 779 546 secus
806 511 958 546 fecerint.
989 523 1049 546 seu
1079 512 1227 545 decimas
1257 514 1346 557 ipsas
1375 522 1435 556 per
1463 522 1523 544 eos
1554 509 1594 544 ad
1624 522 1706 556 quos
1736 513 1901 556 pertinent
1933 509 2037 544 libere

161 573 330 608 deducere
359 585 569 620 quocumque
598 574 784 607 maluerint.
816 585 882 607 non
913 576 1134 619 permiserint.
1166 575 1531 606 excommunicacionis
1561 583 1619 606 eos
1649 574 1856 606 sentenciam
1885 571 2037 605 uolumus

162 635 310 669 incidere
339 638 411 681 ipso
440 635 541 669 13010.
571 635 769 669 Adicientes
799 634 1042 669 nichilominus.
1074 639 1105 668 ut
1128 645 1268 680 presens
1297 638 1411 667 nostra
1440 636 1638 667 constitucio
1667 636 1819 679 proxima
1843 633 1895 667 die
1924 633 2036 667 domi—

161 699 250 740 nica,
294 701 470 743 postquam
499 696 540 731 ad
570 699 724 731 noticiam
762 700 1002 741 cuiuscumque
1035 699 1176 730 rectoris
1215 695 1434 729 eeclesiarum
1470 698 1673 741 peruenerit.
1704 706 1743 729 ac
1773 697 1868 728 annis
1897 694 2037 740 singulis

162 761 194 792 in
222 757 309 792 festo
339 761 503 793 trinitatis.
536 763 567 792 et
597 757 725 792 duabus
755 758 930 791 dominicis
959 760 1113 804 proxime
1142 757 1358 803 sequentibus
1388 768 1502 790 coram
1532 757 1653 803 populo
1682 760 1715 790 in
1744 756 1898 801 ecclesijs
1932 768 2038 803 paro-

162 818 324 854 chialibus
353 819 550 866 publicetur.

346 879 416 915 Nos
447 880 622 915 Conradus
651 881 703 915 dei
732 884 847 926 gracia
878 879 1137 915 Olomuncensis
1166 879 1366 926 Episcopus.
1397 880 1499 914 Anno
1529 879 1664 923 domini,
1686 878 1865 914 Ms’.CCC0.
1884 879 2038 913 decimo-

163 946 285 976 octauo
314 942 550 989 proximadie
579 942 744 977 dominica
774 947 849 989 post
878 942 965 976 diem
995 945 1102 976 sancti
1131 941 1281 986 Mauricij
1313 942 1558 987 Sociorumque
1586 944 1658 976 01115
1688 944 1719 975 111
1754 944 1888 975 ciuitate
1922 946 2037 976 nostra

163 1003 359 1051 Cremysyr.
395 1008 542 1038 nostram
573 1004 747 1051 Synodum
777 1003 987 1038 celebrantes
1015 1004 1150 1050 prelatis
1179 1008 1211 1037 et
1242 1002 1422 1037 CanoniciS
1452 1003 1597 1037 ecclesie
1627 1007 1741 1046 nostre
1770 1014 1809 1037 ac
1839 1003 1912 1048 alijs
1932 1014 2036 1037 secu-

162 1064 287 1100 laribus
316 1069 349 1100 et
377 1065 547 1111 religiosis
575 1065 725 1112 prelatis.
756 1077 887 1099 necnon
917 1064 1080 1112 plebanis.
1124 1069 1155 1099 01
1185 1069 1252 1099 1010
1281 1064 1372 1098 clero
1401 1069 1516 1099 nostre
1545 1064 1701 1111 dyocesis
1736 1064 1948 1111 presentibus
1978 1064 2038 1099 has

162 1126 376 1174 supradictas
404 1130 667 1162 constituciones
696 1129 728 1161 in
758 1130 829 1173 ipsa
859 1126 1000 1173 Synodo
1029 1131 1142 1160 nostra
1172 1126 1436 1172 promulgamuse
1472 1126 1626 1160 uolentes
1655 1131 1687 1161 ut
1717 1137 1778 1172 per
1806 1130 1906 1161 totam
1936 1126 2038 1173 Dyo—

163 1191 267 1223 cesim
310 1191 383 1236 ipse
416 1192 681 1223 constituciones
715 1193 892 1223 seruentur
921 1188 961 1222 ab
991 1187 1144 1222 omnibus
1173 1192 1205 1222 et
1234 1190 1283 1222 015
1312 1192 1446 1221 1113111111
1475 1190 1507 1221 111
1537 1187 1668 1233 iudicijs
1696 1193 1729 1222 et
1757 1192 1852 1222 extra
1882 1188 2037 1222 iudicium

162 1254 197 1284 et
223 1255 438 1296 exequantur
466 1262 527 1285 suo
556 1250 630 1285 1000
661 1255 693 1285 et
720 1255 870 1297 tempore
900 1253 931 1284 111
961 1253 1041 1296 ipsis
1070 1253 1238 1284 contenta.
1269 1248 1340 1284 Nos
1370 1252 1457 1283 enim
1488 1261 1608 1295 penam
1629 1249 1818 1295 infligemus
1840 1254 2038 1295 transgres-

161 1311 296 1346 soribus
324 1311 528 1346 earumdem.
559 1312 712 1358 Sigillum
742 1316 889 1346 nostrum
918 1311 1128 1358 presentibus
1158 1314 1190 1345 in
1219 1314 1443 1346 testimonium
1465 1311 1697 1358 appendendo.
1727 1311 1849 1346 Actum
1871 1316 1903 1346 et
1918 1311 2036 1346 Datum

163 1372 266 1408 Anno
294 1373 369 1408 loco
399 1378 432 1408 et
459 1373 522 1408 die.
552 1374 674 1408 Amen.

479 1462 513 1500 (E
539 1462 643 1496 Fragm.
683 1462 751 1491 Cod.
782 1463 829 1489 ΜΞ.
854 1462 911 1489 11111.
942 1470 1006 1490 saec.
1030 1461 1089 1489 XV.
1115 1461 1186 1496 quod
1210 1461 1236 1488 iu
1261 1461 1397 1488 Olomutio
1422 1462 1506 1488 Sacro
1535 1461 1689 1496 ntagnoaldi
1722 1461 1901 1496 Ziegelbaucr
1924 1461 1949 1488 in
1975 1462 2035 1488 col-

581 1515 699 1542 lectione
723 1515 886 1542 Cerrouiana
912 1524 937 1542 11.
964 1513 1037 1543 406.
1063 1514 1088 1541 111
1114 1514 1224 1541 archivo
1245 1514 1444 1541 marchionatus
1462 1514 1586 1541 notavi-„e
1605 1517 1738 1543 servatur.
1754 1514 1882 1541 Mendose
1894 1523 2036 1541 excussum

582 1568 607 1595 in
633 1568 804 1595 Collectione
827 1567 999 1602 Synodorum
1024 1568 1086 1595 Ars.
1113 1567 1214 1594 Theod.
1240 1567 1367 1594 Fasseau.
1393 1576 1419 1602 p.
1449 1566 1474 1595 1.
1501 1573 1575 1602 seq.)

1038 1680 1163 1715 XXIII.

163 1752 354 1798 Johmmes,
379 1765 447 1788 rea:
474 1754 663 1797 Boleemiae,
699 1756 883 1788 cononum!
909 1764 980 1786 cum
1004 1751 1157 1786 Henrico
1181 1751 1222 1785 de
1238 1751 1325 1797 Lipa
1342 1764 1409 1797 pro
1431 1753 1574 1786 cz'cilale
1597 1755 1631 1785 el
1657 1751 1816 1786 districtu
1839 1751 2043 1797 Sylarieusi

242 1815 399 1861 oppidum
427 1815 660 1850 Hosterade'ce
688 1819 722 1849 et
752 1814 865 1848 sillam
896 1814 1047 1859 illispilz7
1077 1813 1137 1847 Dt.
1168 1813 1306 1859 Praqoe,
1337 1813 1403 1847 III.
1434 1813 1556 1847 Nonas
1584 1812 1810 1858 Septembris,
1844 1812 1955 1847 1319.

338 1892 429 1947 Nos
457 1911 631 1947 Johannes
660 1911 713 1946 dei
751 1914 866 1957 gracia
898 1910 1035 1944 Boemie
1069 1914 1101 1944 et
1129 1909 1266 1944 Polonie
1304 1910 1379 1944 Rex
1409 1921 1448 1944 ac
1477 1909 1783 1955 Lucemburgensis
1812 1921 1939 1944 comes.
1983 1910 2036 1944 Ad

165 1977 401 2010 universorum
430 1979 494 2008 tam
532 1976 698 2021 presentis
736 1976 832 2007 etatis
869 1972 1038 2006 hominnm
1066 1982 1164 2017 quam
1194 1970 1292 2005 futuri
1327 1973 1483 2005 noticiam
1518 1971 1672 2005 volumus
1707 1975 1897 2017 pervenire.
1942 1970 2037 2014 Quod

165 2047 228 2071 nos
257 2036 298 2071 de
334 2041 462 2071 maturo
492 2040 524 2070 et
565 2038 731 2070 communi
769 2034 975 2081 Principum.
1012 2033 1181 2067 Baronum
1217 2037 1249 2067 et
1278 2032 1504 2066 Praelatorum
1539 2036 1571 2066 et
1606 2031 1773 2067 Nobilium
1807 2036 1903 2075 regni
1934 2036 2036 2067 nostri

164 2097 306 2133 Boemie
334 2098 486 2137 consilio.
524 2108 586 2131 nec
616 2108 682 2131 11011
713 2096 953 2130 deliberatione
981 2094 1120 2141 provida
1150 2099 1181 2128 et
1210 2094 1372 2140 solempni
1408 2098 1546 2128 tractatu
1576 2093 1769 2140 prehabitis⁷
1808 2095 1976 2128 utilitatem
2006 2099 2039 2128 et

165 2158 378 2194 commodum
406 2163 554 2194 nostrum
584 2163 615 2193 et
644 2158 802 2192 heredum
839 2162 1028 2191 nostrorum
1057 2168 1097 2190 30
1125 2158 1284 2202 precipue
1314 2158 1417 2201 ipsius
1446 2155 1556 2201 Regni
1585 2158 1701 2198 1105111,
1731 2160 1868 2202 propter
1895 2155 2037 2200 quedam

164 2219 286 2263 futura,
316 2231 381 2266 que
409 2220 518 2263 nobis,
549 2224 580 2255 in
610 2223 682 2267 ipso
711 2230 818 2264 regno
848 2223 961 2253 nostro
991 2220 1175 2264 potuissent
1210 2221 1243 2251 01
1271 2221 1425 2263 poterant
1453 2216 1596 2251 suboriri
1625 2216 1811 2263 dispendia.
1849 2216 2037 2252 euidentius

164 2286 414 2327 cognoscentes
443 2285 684 2328 cupientesque
713 2280 937 2315 conditionem
968 2282 1070 2326 ipsius
1101 2281 1197 2323 regni
1226 2281 1330 2312 nostri
1360 2277 1474 2312 facere
1503 2278 1687 2321 meliorem,
1724 2277 1857 2324 opidum
1886 2282 2035 2312 nostrum

166 2342 367 2378 Hostradicz
401 2347 433 2377 et
467 2343 580 2377 villam
615 2342 757 2389 Mispitz.
794 2353 868 2376 cum
898 2341 1055 2383 dominio.
1093 2339 1185 2383 Jure,
1221 2339 1459 2381 Jurisdicione.
1501 2339 1701 2382 hominibus.
1739 2339 1856 2382 Fraus.
1887 2338 2035 2381 l'ascuis.

167 2403 425 2447 piscationibus.
460 2403 672 2446 Molendinis,
709 2403 888 2439 Montibus.
927 2402 1048 2444 Planis.
1087 2404 1179 2446 agris
1208 2400 1303 2435 cultis
1339 2405 1372 2435 et
1406 2401 1549 2443 1110111115,
1584 2400 1736 2435 1111110115.
1772 2399 1886 2444 Silvis,
1916 2401 2037 2445 Aquis.

168 2466 388 2511 Aquarumve
427 2465 624 2500 decursibus
652 2469 684 2500 et
712 2464 916 2511 generaliter
943 2474 1018 2497 cum
1047 2462 1200 2497 omnibus
1230 2462 1303 2505 11115,
1333 2474 1408 2496 011111
1437 2462 1556 2508 quibus
1594 2465 1671 2496 vive
1701 2465 1872 2505 memorie,
1909 2461 2040 2496 Prede-

166 2538 323 2562 cessores
352 2529 475 2564 nostri.
513 2526 646 2571 Reges.
691 2526 828 2561 Boemie
864 2525 1020 2561 illustres,
1063 2523 1219 2570 oppidum
1255 2527 1287 2558 et
1322 2523 1434 2558 villam
1470 2523 1652 2570 predictam
1696 2527 1871 2557 tenuerunt
1907 2527 1939 2557 et
1977 2535 2038 2558 nos

167 2591 334 2623 tenuimus
375 2599 481 2634 usque
510 2588 620 2622 modo.
664 2588 797 2622 Additis
839 2590 938 2621 etiam
973 2586 1046 2620 aliis
1085 2585 1187 2619 Bonis
1226 2588 1368 2627 nostris.
1412 2597 1513 2632 super
1541 2584 1677 2630 quibus.
1720 2584 1869 2619 similiter
1906 2589 2039 2620 nostras

167 2650 318 2685 dedimus
348 2649 474 2686 litteras
503 2649 680 2696 speciales,
710 2661 786 2684 cum
815 2648 901 2683 1111011
930 2651 1043 2682 nostro
1067 2646 1213 2681 llenrico
1243 2645 1283 2681 de
1304 2645 1411 2693 Lypa,
1440 2658 1504 2693 peo
1533 2649 1667 2680 ciuitate
1697 2650 1730 2680 et
1758 2645 1904 2681 districtu
1929 2646 2038 2693 Syia-
