2341 3005
1082 132 1155 167 149

174 252 266 287 Sane
282 252 420 287 dilectus
435 252 520 286 lilius
535 251 694 286 Andreas
710 250 805 284 Prior
818 249 988 284 Prioratus
1005 249 1045 283 de
1063 249 1199 283 Dalesiz
1215 249 1341 283 ordinis
1363 253 1468 284 sancti
1484 251 1665 293 Augustini
1683 250 1919 287 0111111116611515
1935 251 2067 285 Dioce-

173 318 219 349 sis
243 315 282 349 ad
300 314 518 361 apostolicam
535 314 650 348 sedem
669 312 837 347 accedens
853 312 950 346 nobis
967 312 1224 359 exposuitquod
1247 311 1367 345 dudum
1386 316 1595 358 prepositura
1612 314 1764 351 9611611111
1782 313 2064 348 Monasteriorum

172 381 288 412 sancte
317 376 425 411 Marie
453 376 657 421 Magdalene
686 378 717 409 in
746 374 927 409 Alamania
957 386 1018 420 per
1052 377 1257 420 prepositum
1288 374 1484 417 generalem
1519 375 1690 409 solitorum
1720 376 1903 413 gubernari
1934 376 1975 410 ad
2004 388 2067 410 ro-

174 450 307 473 manam
329 438 508 473 ecclesiam
532 438 621 472 nullo
643 436 752 472 medio
773 439 1008 483 pertinentium
1033 436 1158 470 ordinis
1183 439 1289 470 sancti
1306 437 1489 474 Augustini
1512 448 1572 483 per
1603 437 1726 471 obitum
1748 439 1913 484 quondam
1931 438 2066 472 Henrici

173 501 336 535 dictorum
369 503 652 534 monasteriorum
689 501 849 545 prepositi
887 499 1058 543 generalis
1093 503 1258 533 vacante.
1296 498 1407 533 dilecti
1442 499 1497 532 lilii
1532 499 1746 533 Hermannus
1781 500 2001 535 Provinciatis
2037 505 2066 534 et

173 566 277 597 ceteri
306 562 443 597 Priores
473 574 512 596 ac
542 562 661 596 dilecte
690 564 723 595 in
754 560 887 595 Clu-isto
918 561 982 595 lilie
1017 561 1181 595 Priorisse
1218 565 1250 594 et
1287 562 1484 595 Conventus
1521 561 1682 595 dictorum
1712 561 1994 596 Monasteriorum
2029 562 2068 596 ad

173 636 257 671 quos
294 625 414 659 electio
450 624 621 670 generalis
658 625 817 670 prepositi
846 622 1128 657 Monasteriorum
1166 626 1314 670 ipsorum
1350 635 1425 657 cum
1461 623 1581 657 dictam
1618 627 1862 670 preposituram
1899 628 2068 671 preposito

172 699 301 722 vacare
331 690 495 732 contingit
525 686 643 720 dicitur
676 689 858 732 pertinere.
889 688 1018 719 vocatis
1048 685 1202 720 omnibus
1231 688 1286 731 qui
1314 686 1492 720 voluerunt
1523 685 1709 720 debuerunt
1739 691 1769 720 ct
1799 691 1975 732 potuerunt
2005 698 2070 720 co-

172 749 270 784 mode
306 752 491 784 interesse.
536 748 588 783 die
623 747 665 782 ad
706 747 898 793 eligendum
936 747 1063 794 prefixa
1101 751 1133 782 in
1167 748 1318 793 generali
1354 748 1499 794 capitulo
1539 748 1615 782 dicti
1651 748 1776 782 ordinis
1813 751 1905 782 iuxta
1941 760 2069 783 morem

173 812 305 846 solitum
333 814 365 845 in
393 811 480 845 dicto
508 811 625 845 ordine
650 810 869 844 observatum
895 813 1142 844 convenientes
1167 813 1198 844 111
1221 821 1323 844 111111111
1354 822 1393 844 ac
1424 810 1651 845 delilerantes
1695 813 1726 844 in
1758 810 1945 844 huiusmodi
1975 811 2071 844 6166-

174 877 272 909 11111115
293 876 430 919 negotio
460 885 520 919 per
542 876 630 907 viam
659 872 847 919 procedere
868 875 1101 918 compromissi
1124 877 1200 906 octo
1226 875 1381 919 personis
1403 877 1478 906 tuuc
1507 875 1536 906 in
1563 872 1649 907 dicto
1674 873 1825 919 Capitulo
1850 873 2070 907 existentibus

173 936 329 970 videlicet
357 935 484 970 dilectis
511 935 587 969 tiliis
618 934 796 970 Cbonrado
824 933 1088 969 Mulcliausensi.
1124 934 1304 969 Clionrado
1333 934 1581 981 Herbipolensi.
1611 934 1757 969 Jobanni
1800 934 2070 969 Frankfurtensi.

175 998 389 1033 Theodorico
420 997 460 1031 de
490 997 653 1044 Slatbayn
671 997 854 1031 Prioribus.
872 996 1057 1031 Bertrande
1075 997 1339 1044 llerbipolcnsis.
1357 996 1528 1031 Elisabeth
1553 997 1781 1041 Collariensis‚
1811 996 1957 1031 Petrisse
1986 997 2073 1031 Pra-

173 1063 290 1106 gensis
321 1064 351 1094 et
381 1059 481 1094 ι1111116
513 1060 553 1094 de
582 1059 721 1094 Dalesiz
755 1059 964 1093 Prioratuum
993 1059 1166 1094 Priorissis
1200 1059 1350 1093 eiusdem
1387 1059 1513 1093 ordinis·
1549 1059 1749 1106 providendi
1785 1071 1823 1093 611
1861 1062 1938 1093 vice
1977 1059 2071 1093 dictis

174 1122 390 1157 Monastcriis
420 1122 460 1157 de
496 1122 647 1168 generali
681 1125 852 1169 preposito
888 1127 1131 1156 concesserunt
1167 1124 1612 1168 111131111111161ρ1116511116111.
1649 1125 1880 1169 promittentes
1915 1122 2001 1155 illum
2040 1124 2070 1155 in

174 1196 269 1219 suum
299 1189 330 1219 et
359 1184 640 1219 Monasteriorum
672 1184 897 1231 predictorum
926 1185 1122 1229 generalem
1153 1187 1356 1230 prepositum
1393 1188 1546 1231 recipere
1577 1196 1675 1231 quem
1704 1184 1803 1219 iidem
1831 1185 2068 1230 Compi-omis—

174 1250 252 1282 sarii
282 1246 443 1283 ducerent
471 1246 680 1285 eligendum.
716 1250 770 1293 qui
800 1246 989 1281 huiusmodi
1024 1251 1189 1293 potestate
1226 1251 1360 1293 recepta
1392 1247 1594 1281 secedentes
1625 1250 1655 1281 iu
1686 1251 1833 1293 partem.
1869 1246 2002 1280 tandem
2043 1249 2072 1279 in

174 1309 317 1344 eundem
347 1309 521 1344 Andreain
556 1309 797 1356 provincialem
833 1309 995 1343 dictorum
1029 1308 1313 1343 Monasteriorum
1350 1311 1381 1343 in
1415 1309 1566 1355 partibus
1604 1309 1820 1343 orientalibus
1857 1313 1887 1343 et
1926 1308 2073 1342 Priorem

175 1372 215 1406 de
244 1371 382 1406 Dalesiz
411 1374 444 1406 in
473 1371 662 1406 sacerdotio
692 1375 919 1405 constitutum.
950 1371 1092 1405 eundem
1122 1371 1273 1405 ordinem
1304 1383 1467 1418 expresse
1497 1371 1687 1418 professum
1718 1371 1911 1405 direxerunt
1948 1373 2075 1405 unani-

175 1437 272 1468 miter
293 1438 372 1468 vota
401 1445 474 1468 sua.
504 1446 543 1468 ac
572 1433 692 1468 deinde
722 1434 891 1480 predictus
916 1433 1113 1468 Cliouradus
1141 1445 1184 1467 ex
1210 1438 1376 1479 potestate
1403 1434 1464 1467 sibi
1491 1438 1522 1468 et
1552 1434 1693 1471 collegis
1719 1437 1787 1468 suis
1815 1438 1846 1467 ut
1877 1436 2076 1479 premittitur

176 1496 295 1530 tradita
325 1495 366 1530 de
395 1499 545 1542 ipsorum
576 1492 791 1541 Collegarmii
822 1496 942 1530 ibidem
973 1499 1178 1542 presentium
1202 1496 1360 1530 mandato
1390 1499 1465 1530 vice
1495 1508 1555 1531 sua
1586 1501 1616 1530 et
1647 1496 1832 1530 eorundem
1861 1496 2074 1537 Collegaruni

176 1570 216 1593 ac
247 1560 345 1592 totius
376 1558 572 1592 Conventus
601 1558 740 1604 predicti
771 1558 913 1592 eundem
944 1558 1119 1592 Andream
1148 1561 1179 1592 111
1210 1558 1406 1603 ι11611611116111
1436 1562 1641 1605 prepositmn
1664 1558 1947 1592 Monasteriorum
1979 1560 2075 1603 ipso—

176 1631 248 1654 rum
285 1620 406 1665 elegit.
444 1624 475 1655 et
505 1620 705 1654 electionem
735 1620 922 1654 huiusmodi
952 1620 1137 1655 solenniter
1165 1619 1363 1666 publicavit.
1394 1620 1549 1667 idemque
1578 1620 1736 1654 Andreas
1767 1624 1838 1666 post
1869 1630 2073 1653 consensum

178 1682 352 1717 electionis
382 1681 570 1716 huiusmodi
600 1694 618 1716 a
649 1694 685 1716 se
715 1685 887 1728 prestitum
916 1683 1140 1730 personaliter
1169 1682 1208 1716 ad
1239 1683 1457 1729 apostolicam
1488 1682 1601 1717 sedem
1633 1685 1788 1716 accessit.
1835 1680 1948 1723 Quare
1978 1680 2074 1715 nobis

179 1744 346 1778 1111111111161
379 1744 577 1791 supplicavit
614 1749 646 1778 ut
686 1744 885 1779 electionem
925 1744 1111 1779 lmiusmodi
1148 1744 1349 1779 contii-mare
1387 1748 1584 1779 auctoritate
1621 1744 1806 1791 apostolica
1844 1743 2074 1789 dignaremur.

179 1807 290 1853 Super
318 1806 380 1840 hiis
409 1806 564 1840 omnibus
593 1818 654 1853 per
683 1818 759 1840 eum
790 1812 823 1841 111
852 1807 983 1841 dicebat
1014 1810 1142 1841 statutis
1173 1819 1189 1840 a
1221 1811 1291 1841 iure
1323 1807 1528 1853 temporibus
1558 1807 1761 1841 observatis.
1800 1805 1870 1840 Nos
1900 1809 2011 1851 itaque
2041 1808 2073 1839 111

179 1869 241 1904 hac
271 1873 366 1916 parte
394 1869 551 1903 volentes
569 1868 771 1903 laudabilem
795 1881 921 1903 morem
948 1869 1101 1904 Romane
1123 1869 1276 1904 Ecclesie
1305 1869 1504 1903 observare.
1536 1868 1722 1903 venerabili
1750 1868 1843 1902 fratri
1867 1868 2076 1913 Bel-eligario

178 1931 348 1978 Episcopo
365 1930 559 1965 Tusculano
589 1935 619 1965 et
650 1931 779 1966 dilectis
809 1931 882 1966 liliis
912 1935 1034 1966 nostris
1053 1932 1228 1966 Guillelmo
1259 1932 1339 1965 tituli
1370 1934 1475 1965 sancti
1494 1932 1614 1965 siriaci
1646 1934 1677 1965 in
1702 1931 1834 1965 Termis
1860 1929 2076 1977 Presbytero.

178 1998 209 2027 et
239 1993 449 2040 Neapoleoni
479 1995 585 2027 sancti
607 1993 747 2027 Adriani
769 1993 923 2028 Diacono
946 1993 1113 2028 Cardinali
1136 1996 1422 2028 examinationem
1446 2004 1593 2040 persone
1623 2005 1663 2027 ac
1692 2004 1874 2040 processus
1903 1992 2077 2026 electionis

179 2055 367 2090 huiusmodi
397 2055 552 2089 duximus
582 2056 868 2090 601111111116111111111.
901 2057 982 2091 Cum
1013 2061 1124 2090 autem
1156 2057 1228 2091 licet
1260 2068 1406 2102 persona
1436 2056 1587 2090 eiusdem
1617 2055 1757 2090 Audree
1788 2066 1851 2101 que
1885 2066 1945 2101 per
1973 2053 2078 2100 Epis—

179 2128 299 2164 copum
328 2122 361 2152 et
390 2117 587 2152 Cardinales
616 2118 766 2164 prefatos
796 2118 974 2164 diligenter
1003 2122 1196 2152 examinata
1234 2121 1357 2161 extititr
1396 2121 1532 2152 inventa
1569 2117 1666 2152 suerit
1701 2118 1908 2152 sul'licienter
1943 2116 2075 2163 §donea

180 2179 220 2213 ad
250 2182 460 2226 prepositure
489 2183 641 2226 regimen
673 2186 869 2215 memorate.
905 2184 981 2226 quia
1018 2186 1128 2215 tamen
1166 2181 1206 2215 de
1237 2181 1334 2215 modo
1370 2181 1546 2215 electionis·
1576 2184 1741 2215 canonice
1772 2192 1835 2226 que
1865 2180 1906 2214 de
1936 2183 2007 2226 ipso
2037 2179 2076 2212 ad

183 2241 305 2275 dictam
335 2245 579 2288 preposituram
610 2242 729 2276 dicitur
757 2242 927 2277 celebrata
959 2255 1019 2290 per
1048 2256 1087 2277 ea
1118 2255 1181 2289 que
1212 2246 1241 2277 in
1267 2247 1403 2280 negotio
1427 2244 1602 2278 electionis
1627 2242 1812 2277 huiusmodi
1840 2253 1953 2276 coram
1984 2241 2078 2275 dictis

181 2303 352 2350 Episcopo
381 2308 414 2337 et
442 2304 678 2339 Cardinalibus
707 2305 803 2339 fuere
832 2305 993 2352 producta
1023 2318 1089 2340 non
1120 2308 1222 2352 potuit
1253 2305 1349 2339 nobis
1379 2306 1448 2340 lieri
1478 2306 1577 2353 plena
1607 2306 1688 2340 fides
1718 2310 1813 2352 prout
1844 2316 1884 2338 ex
1917 2304 2078 2337 relatione

183 2365 346 2400 dictorum
376 2364 534 2413 Episcopi
565 2371 596 2400 et
626 2367 852 2401 Cardinalimn
883 2367 1057 2402 didicimus
1087 2368 1226 2402 fideliter
1255 2367 1351 2402 nobis
1380 2368 1485 2402 facta.
1525 2368 1716 2402 discretioni
1755 2372 1808 2401 1116
1839 2366 1879 2400 de
1909 2377 1971 2411 qua
2002 2365 2079 2412 ple-

184 2439 260 2462 nam
303 2430 333 2461 in
372 2427 517 2462 Domino
554 2428 706 2463 liduciain
743 2432 909 2475 gerimus.
947 2442 1006 2476 per
1039 2430 1224 2477 apostolica
1261 2433 1382 2477 scripta
1419 2431 1616 2465 mandamus
1651 2433 1804 2475 quatinus
1845 2431 1998 2473 inquisita
2037 2427 2077 2461 de

183 2489 286 2524 modo
315 2490 490 2524 electionis
520 2490 669 2537 predicte
698 2496 729 2526 ct
759 2492 874 2526 studiis
904 2492 1096 2529 1·11(.)“6111111111
1128 2493 1317 2530 ditm-entius
1350 2496 1493 2527 Yet-itate
1529 2496 1556 2527 si
1593 2493 1792 2526 electionem
1827 2494 1932 2537 ipsam
1967 2501 2079 2523 cano—

185 2554 294 2586 nicam
331 2555 518 2598 repercris.
563 2556 667 2599 ipsam
705 2557 903 2588 auctoritate
941 2559 1052 2588 nostra
1094 2554 1290 2589 conlirnies.
1335 2567 1448 2589 curam
1491 2559 1522 2589 et
1563 2555 1886 2588 administrationem
1931 2555 2076 2598 ipsorum

185 2612 470 2648 Monasteriorum
507 2614 567 2648 sibi
604 2618 633 2648 111
671 2616 898 2661 spiritualibus
935 2621 965 2651 et
1003 2616 1240 2663 temporalibus
1275 2616 1511 2651 connnittendo
1546 2616 1674 2650 faciens
1704 2615 1764 2649 sibi
1797 2613 2030 2648 nichilominus
2060 2625 2076 2647 a

184 2678 255 2710 suis
286 2676 425 2711 subditis
454 2675 677 2711 obedientiam
708 2683 738 2712 et
769 2682 994 2712 reverentiam
1025 2678 1169 2712 debitam
1199 2679 1363 2714 exbiberi.
1406 2679 1617 2725 Recepturus
1647 2676 1856 2724 postmodum
1887 2676 1928 2710 ab
1958 2675 2077 2709 eodem
