2341 3005
142 253 289 297 quinque
329 261 461 285 marcas
491 254 523 286 et
551 249 699 285 tottidem
728 248 1034 285 sanctimonialibus
1071 252 1268 284 monasterii
1297 255 1413 285 sancte
1442 251 1624 286 Katliariue
1654 252 1786 287 ibidem.
1830 252 1912 287 Item
1944 252 2018 287 fra-

144 312 246 346 tribus
287 312 470 346 minoribus
512 323 575 347 sex
616 315 821 346 marcas‘et
858 310 1007 345 tottidem
1043 309 1200 345 fratribus
1241 311 1508 358 predicatoribus
1551 313 1684 358 ibidem,
1726 314 1810 349 Item
1852 314 1893 349 ad
1935 326 2018 361 opus

142 373 288 409 ecclesie
317 372 557 408 Cremsirensis
586 373 704 407 decem
731 384 875 407 marcas.
906 372 988 406 Item
1016 371 1161 407 ecclesie
1191 376 1297 407 sancti
1327 372 1414 407 Petri
1443 376 1475 408 in
1504 374 1639 409 Brunna
1671 375 1787 411 decem
1815 387 1949 411 marcas
1978 376 2019 410 de

141 433 261 480 quihus
301 434 447 469 redditus
489 437 553 469 emi
589 434 734 469 debeant
761 446 822 481 pro
851 437 1083 468 anniuersario
1112 433 1209 468 nobis
1238 437 1271 468 in
1300 434 1418 469 eadem
1447 436 1591 470 ecclesia
1620 442 1781 483 perpetuo
1810 438 2018 485 peragendo„

141 495 222 531 Item
264 496 573 531 sanctimonialibus
610 499 805 531 monasterii
843 500 959 531 sancte
998 494 1106 530 Marie
1134 495 1257 530 ibidem
1286 499 1318 531 in
1347 496 1484 531 Brunna
1513 509 1577 532 sex
1608 497 1743 533 Marcas
1772 504 1804 533 et
1832 502 2019 534 sanctimo—

142 557 283 592 nialihus
325 561 521 593 monasterii
563 558 604 592 ad
646 562 797 592 sanctam
840 558 978 592 Annam
1007 557 1122 592 decem
1152 569 1303 602 marcas,
1339 558 1422 593 Item
1463 558 1621 594 fratribus
1655 560 1922 606 predicatoribus
1957 572 2019 596 sex

141 630 273 654 marcas
302 624 333 653 et
363 619 510 654 tottidem
538 618 696 654 fratribus
726 619 910 654 minoribus
939 618 1060 654 ibidem
1095 621 1128 653 in
1161 619 1310 654 Brunna.
1354 619 1435 654 Item
1479 621 1787 656 sanctimonialiluis
1824 625 2018 658 monasterii

141 683 174 715 in
202 680 407 715 Tusnowicz
436 681 552 715 decem
582 692 713 715 mareas
742 685 773 715 et
802 680 1110 716 sanctimonialibus
1139 684 1333 716 monasterii
1363 685 1394 716 in
1425 681 1561 716 Oslauia
1592 687 1668 717 octo
1684 694 1815 717 marcas
1832 695 1870 718 ac
1887 687 2019 719 sancti-

141 742 340 777 monialibus
374 745 569 777 monasterii
611 746 642 776 in
684 742 859 778 Dalessicz
894 754 956 777 sex
998 754 1140 777 marcas.
1178 742 1259 777 Item
1299 746 1490 778 successori
1530 748 1645 779 nostro
1688 744 1894 791 disponimus
1937 746 2019 780 duas

141 803 262 839 infulas
295 804 378 839 duos
419 803 557 839 baculos
591 804 778 850 pastorales
819 816 921 839 vnum
956 808 1155 850 argenteum
1189 816 1292 839 vnum
1328 804 1511 840 eburneum
1545 805 1628 840 duos
1665 806 1784 841 anulos
1813 806 2019 853 pontificales

141 877 244 900 vnum
285 865 462 912 corporale
503 877 579 900 cum
620 869 808 901 manuterio
850 870 884 901 et
919 866 1043 901 litteras
1079 869 1275 914 episcopum
1318 878 1357 902 ac
1393 867 1513 901 dictam
1550 868 1729 903 ecclesiam
1760 868 2018 903 Olomueensem

141 931 319 973 tangentes
347 927 600 962 eidem.nostro
630 930 821 962 successori
849 928 1082 963 mandauimus
1111 931 1291 974 assignari,
1335 934 1366 963 et
1395 929 1435 964 ad
1465 929 1527 964 hec
1556 933 1667 964 omnia
1698 942 1739 964 ac
1767 931 1899 976 singula
1929 942 2020 966 exe-

140 988 271 1034 quenda
299 993 333 1023 et
360 989 529 1035 explenda
558 989 713 1024 volumus
742 994 773 1024 et
803 989 1009 1036 disponimus
1037 989 1366 1025 lideicommissarios
1395 995 1528 1026 nostros
1557 994 1591 1026 'et
1619 997 1823 1027 executores
1856 992 2019 1027 discretos

139 1052 232 1085 viros
260 1049 358 1084 nobis
386 1053 418 1085 in
449 1050 582 1085 Christo
611 1051 750 1086 dilectos
778 1054 977 1097 magistrum
1014 1051 1195 1086 Henricum
1230 1056 1430 1087 canonicum
1465 1057 1496 1088 et
1529 1053 1702 1088 custodem
1745 1054 1832 1089 dicte
1874 1055 2019 1089 ecclesie

140 1115 253 1147 nostre
269 1110 503 1147 Olomucensis
518 1124 557 1146 ac
573 1112 748 1147 Nicolaum
776 1112 970 1148 Rechczeni
999 1113 1039 1148 de
1061 1113 1170 1160 Praga
1200 1114 1320 1149 laicum
1350 1118 1459 1149 ciuem
1488 1115 1721 1150 Brunnensem
1751 1116 1868 1151 dantes
1884 1121 1915 1151 et
1931 1128 2019 1151 con—

139 1173 298 1208 cedentes
340 1176 390 1208 εἰς
431 1174 580 1220 predicta
623 1174 734 1220 legata
778 1186 837 1221 pro
874 1177 982 1209 anima
1018 1180 1132 1210 nostra
1167 1175 1266 1210 dandi
1295 1180 1327 1210 et
1356 1177 1509 1212 soluendi
1536 1182 1735 1224 potestatem
1763 1178 1948 1225 plenarian]
1978 1178 2018 1213 de

140 1235 283 1281 quadam
324 1238 467 1282 pecunia
503 1240 535 1270 et
563 1235 604 1270 de
633 1239 819 1281 nonaginta
852 1239 963 1271 aureis
994 1241 1127 1272 monete
1156 1240 1248 1283 regis
1277 1237 1441 1283 Vngarie,
1471 1250 1569 1286 quam
1599 1244 1631 1274 et
1659 1251 1744 1285 quos
1774 1240 1900 1274 eisdem
1929 1251 2020 1275 exe-

142 1296 312 1333 cutoribus
346 1309 407 1344 per
440 1297 617 1332 Pesoldum
654 1303 803 1333 nostrum
839 1301 1061 1333 camerarium
1104 1299 1175 1333 dari
1211 1304 1243 1334 et
1278 1303 1446 1345 assignari
1485 1300 1626 1336 fecimus
1663 1306 1694 1336 et
1729 1301 1870 1336 facimus
1904 1313 1944 1336 ac
1979 1301 2020 1336 de

140 1358 283 1405 quadam
310 1362 453 1406 pecunia
482 1365 561 1407 aput
589 1362 697 1406 ipsum
724 1359 900 1394 Nicolaum
930 1359 1123 1395 Recliczeni
1152 1361 1302 1408 deposita
1331 1373 1395 1396 nec
1424 1373 1489 1396 non
1507 1362 1729 1409 quadraginta
1746 1366 1868 1398 marcis
1885 1367 2020 1398 monete

139 1424 173 1455 et
199 1423 329 1455 numeri
357 1421 581 1467 predictorum
622 1433 683 1468 per
717 1432 779 1456 nos
821 1421 1007 1456 honorabili
1037 1426 1069 1456 et
1096 1422 1257 1468 religioso
1286 1426 1360 1458 viro
1389 1423 1483 1458 fratri
1512 1424 1610 1459 Petro
1640 1424 1751 1459 abbati
1779 1429 1812 1459 et
1839 1428 2020 1460 conuentui

140 1485 333 1517 monasterii
362 1482 587 1517 Trebecensis
617 1482 742 1517 ordinis
772 1486 878 1518 sancti
907 1483 1080 1518 Benedicti
1108 1489 1222 1519 nostre
1251 1484 1397 1520 diocesis
1426 1486 1468 1520 ad
1496 1489 1644 1532 ipsorum
1673 1489 1867 1533 petitionem
1903 1491 1935 1521 et
1963 1489 2020 1521 in-

140 1546 294 1578 stantiam
327 1547 483 1579 mutuatis
508 1549 548 1579 ret
583 1547 755 1579 concessis
791 1556 873 1591 quas
915 1545 1047 1590 quidem
1090 1546 1311 1591 quadraginta
1348 1558 1481 1582 marcas
1515 1559 1576 1594 per
1617 1548 1755 1582 eosdem
1798 1547 1953 1582 abbatem
1988 1553 2019 1582 et

140 1609 344 1640 conuentum
372 1605 433 1640 sub
463 1606 708 1641 conditionibus
737 1611 835 1653 atque
864 1609 972 1653 penis,
1003 1606 1119 1653 quibus
1149 1619 1186 1642 se
1214 1608 1314 1643 iidem
1343 1608 1447 1644 abbas
1476 1614 1508 1643 et
1536 1614 1724 1644 conuentus
1754 1609 1795 1643 ad
1811 1609 2019 1644 solucionem

140 1667 291 1702 eiusdem
319 1670 463 1714 pecunie
491 1667 588 1703 nohis
617 1673 649 1703 et
677 1671 707 1702 ei
737 1680 777 1703 ac
805 1671 854 1703 eis
883 1667 1002 1714 quibus
1031 1668 1172 1703 eandem
1202 1669 1437 1716 deputaremus
1463 1675 1562 1717 prout
1590 1674 1621 1704 in
1651 1673 1799 1717 ipsorum
1829 1670 1958 1705 abbatis
1988 1675 2021 1705 et

141 1734 328 1764 conuentus
364 1741 466 1777 super
501 1741 542 1764 eo
577 1730 739 1765 conlectis
774 1733 964 1765 continetur
991 1730 1107 1765 litteris
1136 1730 1325 1777 obligarunt
1353 1736 1385 1766 et
1414 1732 1677 1776 adstrinxerunt,
1712 1732 1869 1778 predictis
1897 1734 2020 1767 nostris

142 1791 383 1826 executoribus
417 1794 652 1826 committimus
693 1792 898 1838 disponimus
933 1796 967 1826 et
1000 1792 1196 1827 mandamus
1238 1793 1449 1839 presenthus
1479 1793 1548 1827 dari
1578 1794 1725 1840 persolui
1754 1798 1786 1828 et
1813 1794 2022 1840 integraliter

143 1855 323 1899 assignari,
366 1853 483 1888 dantes
518 1858 550 1888 et
584 1854 810 1888 concedentes
846 1853 973 1888 eisdem
1002 1857 1124 1888 nostris
1153 1854 1403 1898 executoribus,
1434 1859 1465 1890 et
1494 1855 1598 1889 altero
1628 1867 1744 1889 eorum
1773 1867 1840 1890 non
1869 1860 2020 1899 extante,

141 1917 322 1961 superstiti,
357 1915 552 1960 generalem
588 1919 621 1949 et
661 1914 800 1949 liberam
829 1914 1156 1949 administracionem
1187 1915 1306 1950 dictam
1340 1919 1516 1962 pecuniam
1546 1921 1577 1951 et
1606 1919 1785 1952 interesse.
1816 1917 1959 1964 dampna
1989 1921 2021 1951 et

141 1987 324 2023 expensas,
360 1976 447 2023 quod
483 1977 536 2011 uel
571 1988 647 2023 que.
691 1981 746 2011 aut
781 1987 864 2022 quas
899 1977 1128 2011 exsolucionis
1170 1977 1402 2012 retardacione
1444 1978 1594 2012 eiusdem
1630 1982 1772 2025 pecunie
1801 1978 1931 2014 sull'erri
1961 1990 2020 2014 seu

142 2041 267 2084 portari
295 2041 519 2084 contingeret,
550 2038 681 2085 petendi
711 2043 742 2072 et
770 2038 930 2083 exigendi
961 2041 992 2072 in
1023 2038 1142 2073 iudicio
1172 2042 1244 2073 siue
1273 2044 1381 2073 extra.
1412 2051 1450 2073 ac
1479 2039 1674 2086 recipiendi,
1705 2045 1737 2074 et
1765 2043 1797 2075 in
1826 2052 1908 2075 vsus
1937 2052 2020 2086 prc—

142 2099 250 2134 dictos
291 2100 523 2143 conuertendi,
559 2112 621 2134 nec
658 2111 725 2134 non
755 2100 853 2134 linem
882 2104 913 2134 ct
942 2100 1176 2135 refutationem
1206 2112 1308 2147 super
1335 2101 1461 2135 eisdem
1497 2101 1717 2148 quadraginta
1751 2105 1874 2136 marcis
1904 2106 2019 2136 nostro

142 2163 277 2195 nomine
305 2164 462 2208 receptis,
492 2161 637 2196 faciendi
666 2166 699 2195 et
727 2164 753 2196 si
782 2161 931 2208 predicte
960 2164 1094 2207 triginta
1124 2174 1236 2196 marce
1265 2173 1324 2209 pro
1353 2164 1508 2209 exequijs
1542 2163 1594 2197 die
1623 2163 1867 2210 deposicionis,
1901 2165 2018 2206 tercio,

142 2225 295 2268 septimo,
325 2234 365 2257 ac
393 2226 581 2267 tricesiniis,
611 2223 706 2258 nobis
735 2223 938 2269 peragendis
967 2235 1032 2257 non
1063 2223 1267 2261 sufficerent,
1297 2224 1451 2259 volumus
1482 2229 1515 2259 et
1542 2225 1738 2260 mandamus
1766 2229 1801 2259 vt
1831 2224 1872 2259 de
1893 2236 2019 2271 supra-

142 2286 274 2330 scriptis
302 2287 465 2330 pecuniis,
495 2284 573 2319 hinc
601 2285 677 2319 inde
707 2285 838 2330 legatis,
869 2284 986 2319 dandis
1015 2290 1047 2319 et
1075 2285 1256 2329 soluendis,
1287 2285 1453 2332 predictos
1475 2291 1607 2321 nostros
1625 2291 1839 2330 executores,
1856 2285 2017 2326 dematur,

143 2349 175 2380 et
192 2345 396 2392 suppleatur,
423 2351 519 2392 prout
535 2349 614 2393 ipsis
631 2349 723 2381 iuxta
739 2358 855 2381 eorum
871 2345 1130 2390 districcioncm,
1154 2347 1250 2381 lidem
1274 2352 1305 2381 et
1321 2350 1570 2382 conscienciam
1587 2359 1685 2394 quam
1702 2351 1790 2382 circa
1808 2351 1970 2394 premissa
1987 2351 2018 2381 ct

143 2418 259 2441 eorum
295 2406 465 2453 quodlibet.
488 2419 669 2443 oneramus
690 2408 827 2455 speciali
850 2411 958 2442 visum
982 2407 1079 2442 fucrit
1101 2409 1274 2455 expedire.
1305 2409 1340 2443 ln
1364 2421 1503 2455 quorum
1524 2413 1669 2444 omnium
1693 2412 1916 2444 testimonium
1935 2420 2019 2455 prc-

142 2472 255 2503 sentes
284 2468 354 2503 lieri
384 2471 486 2503 nostri
517 2472 723 2515 appensione
752 2469 862 2513 sigilli,
892 2468 1032 2504 fecimus
1068 2473 1299 2505 communitas.
1343 2470 1464 2506 Datum
1500 2475 1532 2506 in
1571 2471 1732 2513 Modricz,
1767 2482 1856 2505 anno
1893 2470 2017 2505 domini

142 2530 306 2564 inilesimo
335 2533 583 2575 trecentesimo,
613 2534 776 2566 vicesimo
805 2536 915 2566 sexte.
946 2530 1006 2565 X0.
1036 2531 1206 2566 Kalendas
1234 2532 1322 2568 Julii.

456 2611 507 2638 iiix
533 2610 603 2645 orig.
629 2610 654 2638 ln
679 2612 750 2638 arch.
776 2621 834 2647 cap.
860 2612 946 2638 (llum.
973 2611 1116 2647 descripsit
1144 2613 1174 2639 A.
1202 2613 1332 2645 Boczck.)
