2325 2941
1196 115 1270 151 336

1125 229 1347 264 CDXXXIX.

303 304 425 340 Hinc-0*
463 304 643 348 episcopus
674 301 919 344 Olomucensis,
950 302 1129 345 confirmat
1155 301 1367 334 monasterio
1397 299 1603 334 Grada-ensa·
1632 299 1676 333 ab
1704 299 1842 334 Adamo
1875 300 1916 334 (le
1943 301 2056 335 Kom'c
2084 304 2166 334 tra-

389 365 490 398 ditum
512 366 573 408 jus
598 366 808 408 pali-otiatus
837 362 994 396 ecelesia?
1022 364 1055 395 in
1086 361 1242 395 Cleolina.
1277 360 1340 398 Dt,
1374 361 1408 394 in
1436 361 1580 395 Ndme‘s't
1608 361 1675 395 III.
1704 360 1786 394 Idus
1813 361 1938 395 Martii
1964 361 2075 396 1332.

473 431 562 485 Nos
596 450 703 484 Hinco
731 449 795 483 Dei
824 454 855 483 et
882 449 1078 495 Apostolice
1116 447 1205 483 sedis
1233 451 1348 493 gracia
1379 448 1610 482 Olomucensis
1642 447 1842 494 Episcopus,
1878 452 1993 482 notum
2025 448 2165 484 facimus

302 514 470 546 universis
498 515 673 558 presentes
701 511 826 544 litteras
856 512 1067 556 inspecturis,
1097 509 1183 555 quod
1211 508 1282 543 Nos
1311 509 1412 543 diuini
1440 511 1585 543 numinis
1614 509 1736 543 cultum
1764 511 1886 543 nostris
1914 511 2023 555 potius
2051 513 2165 555 augeri

298 572 501 619 temporibus
530 583 628 619 quam
657 574 769 614 minui,
800 574 972 617 cupientes
1001 570 1222 604 donacionem
1250 569 1340 604 Juris
1368 570 1565 604 Patronatus
1593 569 1747 604 Ecclesie
1775 568 1976 616 parochialis
2010 572 2043 604 in
2072 570 2166 606 Cho-

299 634 374 667 lina.
413 644 511 679 quain
553 633 714 667 discretus
756 635 809 666 vir
843 632 953 665 Adam
988 631 1028 665 de
1064 630 1212 665 Chonicz
1251 630 1457 666 Monasterio
1493 631 1528 666 S.
1573 630 1733 677 Stephani
1774 633 1807 665 in
1842 630 1996 675 Gradiss‚
2033 630 2167 668 Ordinis

297 694 616 728 Preinonstratensis
658 698 772 727 nostre
816 692 1051 727 Olomucensis
1094 692 1250 726 Diocesis
1286 691 1375 736 fecit„
1419 695 1512 727 cuius
1542 696 1638 726 tenor
1665 692 1738 727 talis
1768 696 1830 727 est:
1865 691 1936 726 Nos
1964 692 2073 726 Adam
2102 704 2166 727 una

297 766 371 789 cuin
409 754 560 800 Coniuge
594 759 707 788 nostra
740 753 883 788 Domina
919 753 994 788 Eva
1029 758 1061 787 et
1096 753 1209 788 liberis
1250 756 1374 788 nostris
1410 753 1450 787 de
1487 752 1634 788 Chonicz
1675 757 1788 787 notum
1821 752 1962 788 facimus
1999 757 2168 789 universis

296 821 471 862 presentes
507 816 619 850 literas
662 818 872 861 inspecturis„
915 826 988 849 cum
1031 814 1090 849 Jus
1120 814 1317 849 Patronatus
1359 817 1393 848 in
1423 814 1573 858 Cholina,
1604 814 1691 859 quod
1719 825 1781 849 nos
1815 819 2016 860 nostrosque
2044 801 2184 849 liberos'

296 880 470 921 contingit.
501 876 541 910 de
569 876 650 910 Jure
679 881 711 910 et
740 876 780 910 ad
809 875 880 910 Nos
908 876 1007 922 pleno
1034 875 1114 909 Jure
1142 878 1295 921 pertinen
1324 878 1528 910 monasterio
1558 874 1593 909 S.
1624 874 1788 922 Stephani
1815 874 2012 910 Gradicensi
2034 875 2168 910 Ordinis

296 937 627 973 premonstratensis.
668 937 902 971 Olomucensis
939 936 1095 971 Diocesis
1136 948 1196 983 pro
1232 941 1346 971 nostre
1392 941 1649 982 nostrorumque
1689 939 1940 983 progenitorum
1983 939 2166 971 animarum

299 999 446 1033 remedio
477 999 637 1045 spirituali
667 998 706 1032 ad
736 1002 842 1044 ipsum
871 1000 1108 1032 monasterium
1139 998 1227 1032 ducti
1256 997 1444 1032 devocione
1473 1000 1562 1032 oinni
1590 997 1683 1041 Jure„
1713 1008 1778 1042 quo
1808 996 1969 1032 hactenus
2002 1001 2167 1033 tenuimus

298 1064 329 1094 et
365 1060 540 1094 babuimus
582 1060 622 1093 de
665 1062 831 1093 communi
869 1062 1022 1104 coniugis
1058 1064 1090 1093 et
1123 1059 1303 1093 liberorum
1345 1064 1533 1093 nostrorum
1563 1070 1717 1102 assensu„
1748 1058 1835 1092 bona
1864 1058 2034 1093 voluntate
2063 1058 2167 1093 libere

297 1122 495 1155 contulimus
537 1126 566 1155 et
597 1132 657 1168 per
698 1125 872 1167 presentes
907 1120 1123 1164 conserimus,
1167 1120 1407 1155 transferentes
1434 1120 1619 1166 predictum
1647 1119 1707 1153 Jus
1740 1119 1936 1154 Patronatus
1977 1120 2168 1166 supradicte

297 1181 450 1216 Ecclesie
486 1185 517 1216 in
562 1181 700 1216 Cholina
743 1185 774 1216 in
817 1185 923 1228 ipsum
952 1185 1190 1216 monasterium
1219 1182 1318 1228 pleno
1345 1181 1438 1216 Jure.
1481 1181 1521 1215 Et
1550 1184 1784 1215 renunciamus
1813 1192 1858 1215 ex
1885 1192 1974 1215 nunc
2002 1192 2167 1227 expresse

296 1248 409 1276 nostro
445 1246 599 1289 coniugis
635 1248 667 1277 et
705 1242 884 1277 liberorum
926 1248 1116 1277 nostrorum
1158 1246 1293 1277 nomine
1322 1246 1411 1277 omni
1438 1242 1521 1285 Juri,
1558 1242 1646 1288 quod
1675 1242 1771 1276 nobis
1800 1245 1833 1276 in
1861 1242 1941 1276 Jure
1969 1242 2168 1277 Patronatus

296 1305 442 1350 predicte
486 1305 639 1339 Ecclesie
681 1304 903 1350 competebat.
947 1304 1112 1339 volentes.
1155 1304 1242 1349 quod
1283 1303 1447 1339 Dominus
1476 1303 1623 1338 Thomas
1651 1302 1782 1347 Abbas,
1820 1306 1876 1349 qui
1903 1315 1991 1338 nunc
2020 1308 2083 1348 est,
2112 1304 2166 1338 vcl

296 1376 355 1411 pro
392 1370 540 1412 tempore
583 1366 692 1409 fucrit³
728 1370 803 1412 post
845 1365 969 1399 obitum
1002 1365 1135 1399 Domini
1170 1365 1354 1407 W'itkonis‚
1389 1376 1477 1399 nunc
1512 1364 1645 1411 plebani
1678 1364 1826 1411 predicte
1860 1364 2033 1409 Ecclesie7
2069 1375 2166 1410 quem

296 1426 447 1461 volucrit.
480 1432 509 1461 ct
539 1429 718 1461 conventui
748 1427 918 1473 placueritq
950 1427 990 1460 ad
1021 1430 1124 1473 ipsam
1153 1426 1340 1461 Ecclesiam
1368 1437 1550 1473 personam
1579 1425 1745 1469 idoneam,
1776 1428 1848 1460 sine
1870 1425 2017 1471 quolibet
2038 1430 2165 1463 nostro,

296 1492 550 1533 nostrorumque
578 1488 800 1534 predictorum
831 1487 1008 1522 liberorum
1038 1488 1272 1534 impedimento
1300 1487 1444 1522 Domino
1474 1485 1655 1533 Episcopo,
1685 1491 1841 1532 tanquam
1870 1498 1972 1522 verus
2006 1491 2166 1534 patronus

295 1549 443 1583 eiusdem
480 1549 632 1583 Ecclesie
668 1548 789 1583 debeat
824 1554 1031 1595 presentare.
1069 1549 1104 1583 In
1145 1552 1238 1583 cuins
1280 1551 1329 1583 rei
1369 1551 1590 1583 testiinonium
1634 1560 1775 1594 presens
1824 1551 1982 1595 scriptum
2023 1548 2167 1582 Domino

296 1608 417 1643 Abbati
447 1614 477 1644 et
508 1609 695 1644 Conventui
725 1610 882 1656 predictis
912 1610 1073 1654 dedimus„
1105 1610 1289 1655 sigillorum
1318 1615 1505 1645 nostrorum
1536 1614 1567 1644 et
1596 1609 1650 1654 lilij
1682 1612 1787 1644 nostri
1808 1609 1964 1645 Jesconis
1986 1612 2165 1644 munimine

295 1670 485 1704 roboratum
528 1676 591 1705 etc.
628 1671 747 1706 Ratam
783 1676 813 1705 et
849 1676 980 1717 gratam
1014 1671 1187 1715 habcntcs7
1225 1674 1255 1706 ei
1290 1676 1440 1705 nostrum
1474 1670 1675 1705 benevolum
1717 1670 1913 1705 adhibentes
1950 1681 2164 1705 consensum.

295 1733 397 1776 ipsam
428 1736 594 1778 presentis
624 1735 737 1779 scripti
768 1735 953 1779 patrocinio
983 1744 1026 1767 ex
1056 1737 1146 1767 certa
1175 1732 1296 1767 Nostra
1327 1735 1474 1767 sciencia
1504 1732 1755 1776 confirmantes7
1792 1732 1956 1775 volentes,
1986 1736 2020 1766 ut
2046 1731 2163 1766 Abhas

299 1795 368 1838 ipse
397 1794 583 1827 secularem
613 1794 770 1828 clericum
801 1799 855 1828 aut
883 1794 1074 1839 regularem
1103 1797 1302 1828 canonicum
1331 1794 1491 1828 duntaxat
1521 1793 1677 1828 idoneum
1707 1793 1747 1827 ad
1781 1796 1887 1840 ipsam
1915 1792 2101 1827 Ecclesiam
2132 1795 2162 1826 in

296 1853 445 1897 (filiolinin
490 1855 563 1888 duni
599 1858 785 1898 vacaverit,
829 1858 934 1902 possit
962 1861 994 1890 ct
1022 1856 1135 1890 valeat
1175 1860 1383 1902 prcsentarc.
1413 1855 1449 1889 ln
1479 1866 1617 1901 quorum
1655 1854 1890 1889 ratificacionis
1919 1864 2103 1888 consensus
2132 1857 2162 1886 et

295 1914 563 1949 confirmacionis
593 1920 814 1951 testiinonium
844 1921 1020 1963 presentes
1049 1916 1174 1951 litteras
1203 1916 1273 1951 ficri
1303 1921 1333 1950 et
1363 1916 1461 1961 sigilli
1490 1918 1592 1950 nostri
1622 1915 1762 1950 fecimus
1798 1917 2003 1962 appensione
2032 1917 2161 1948 inuniri.

296 1976 415 2009 Actum
446 1981 476 2009 et
507 1976 615 2010 datum
647 1981 676 2011 in
706 1977 873 2012 Nanicscz
903 1978 1003 2012 Anno
1031 1978 1164 2012 Domini
1193 1976 1551 2024 MO.CC00.XXX1110.
1582 1976 1658 2012 Idus
1686 1976 1816 2022 Marcij.

606 2056 703 2091 (Copia
735 2057 848 2092 simplex
880 2057 950 2084 inter
974 2058 1094 2084 analecta
1120 2058 1182 2085 Ant.
1209 2058 1315 2084 Boczek
1339 2057 1364 2084 in
1389 2056 1500 2084 archivo
1532 2056 1732 2083 marchionatus
1756 2054 1879 2082 Moraviae
1907 2054 1956 2081 sub
1982 2055 2025 2082 Nr.
2054 2054 2161 2089 3507.)

1167 2152 1296 2187 CDXL.

296 2220 419 2254 [lim-0.
450 2223 631 2266 episcopus
662 2222 905 2256 (Momm-ensis:
936 2224 1117 2267 consimilat
1146 2224 1397 2257 ordinationem
1432 2223 1606 2259 ll'e'llielme'
1631 2222 1672 2256 de
1701 2220 1884 2254 Lamlstein
1915 2222 2011 2255 circa
2040 2220 2161 2255 eccle-

594 2284 678 2316 siam
709 2284 740 2315 ιή
772 2283 971 2317 Ι,ι”ιΙ(’ῐ·υη-ῖ(·.
1004 2284 1129 2318 Datum
1160 2285 1286 2330 Prafflc
1324 2284 1416 2319 t'lll.
1447 2284 1593 2318 Kalend.
1623 2283 1721 2317 ,lunii
1750 2281 1860 2316 1332.

469 2341 558 2395 λος
601 2360 707 2395 llinco
745 2361 797 2394 dei
834 2366 865 2395 et
901 2363 1083 2408 apostolice
1119 2363 1209 2398 sedis
1239 2366 1355 2408 gracia
1386 2362 1617 2397 Olomucensis
1646 2363 1837 2407 episcopus.
1871 2360 1991 2395 Notum
2020 2359 2162 2395 facimus

297 2425 411 2454 tenore
440 2426 649 2467 presencium
687 2425 864 2465 mauors-is,
908 2424 994 2467 quod
1023 2427 1098 2469 quia
1129 2424 1248 2458 nobilis
1281 2427 1333 2458 vir
1362 2424 1513 2457 dominus
1543 2421 1741 2456 willielmus
1778 2422 1818 2456 dc
1847 2421 2025 2456 Landstein
2055 2432 2161 2465 suain,

296 2486 325 2515 vt
356 2482 631 2527 predecessoriini
662 2495 795 2518 suorum
827 2495 1007 2529 procurare
1038 2485 1154 2519 volens
1183 2485 1324 2520 salutent
1354 2485 1530 2519 ecclesiam
1552 2485 1583 2516 in
1606 2482 1841 2521 Luderzouiczq
1864 2483 1996 2517 lilialein
2017 2482 2162 2517 ecclesie

297 2546 325 2575 in
357 2543 533 2577 'l'licczicn
565 2556 624 2590 pci·
651 2556 725 2578 cuin
757 2556 861 2590 nuper
890 2549 1125 2579 constructam.
1171 2558 1237 2580 vno
1267 2546 1365 2579 laneo
1394 2549 1426 2579 ct
1455 2555 1519 2578 vna
1550 2556 1627 2577 arca
1659 2544 1780 2578 dotauit
1817 2544 1932 2586 libere,
1962 2548 1995 2578 et
2022 2543 2161 2589 amplius

297 2602 409 2637 dotare
440 2605 586 2638 intendit.
617 2616 680 2649 quo
709 2606 852 2640 ecclesia
884 2608 914 2639 in
947 2605 1171 2640 Ludcrzoiiicz
1200 2619 1274 2641 cuin
1305 2610 1374 2641 iure
1403 2609 1608 2652 patronatus,
1638 2610 1667 2639 et
1699 2605 1793 2639 honis·
1822 2608 1886 2639 iam
1911 2610 1945 2639 vt
1966 2607 2161 2650 premittitur
