2325 2941
1205 109 1279 144 338

313 232 402 264 muni
431 233 461 263 et
491 227 630 261 honesto
670 228 745 259 viro
773 235 847 258 cum
876 229 990 259 nostro
1020 229 1130 258 tamen
1158 223 1296 258 consilio
1325 227 1357 257 et
1384 223 1501 258 fauore
1529 223 1633 258 libere
1661 228 1693 258 et
1724 229 1884 270 perpetue
1924 225 2170 272 possidendum.

314 291 385 325 Hec
414 294 521 323 autem
550 291 637 330 sunt,
666 298 729 332 que
758 285 911 320 volumus
940 285 1092 319 ammodo
1122 284 1162 318 ad
1191 284 1375 330 predictum
1402 284 1566 318 Judicium
1594 287 1773 330 pertinere,
1801 285 1958 320 videlicet
1979 289 2011 320 in
2033 286 2174 321 Ciuitate

315 351 528 386 Landiscron.
559 352 591 382 et
619 350 743 381 circum
773 346 958 390 Ciuitatem,
989 345 1142 392 quidquid
1173 348 1204 379 in
1233 348 1338 391 ipsam
1366 348 1518 390 pertinet,
1548 350 1579 379 et
1607 346 1693 379 villis
1729 345 1957 380 adiacentibus
1990 346 2178 393 Voytsdorf

315 418 344 447 ct
385 409 552 449 Jansdors„
595 420 658 454 que
700 411 938 455 quinquagima
972 407 1061 441 lanei
1089 406 1252 449 dicuntur,
1274 405 1422 452 -presato
1451 405 1625 452 Tyczlioni
1654 411 1686 440 et
1714 409 1782 441 suis
1810 406 2059 442 successorihus
2087 418 2174 442 vnus

315 474 468 507 denarius
499 473 530 504 in
559 469 712 504 omnibus
741 472 852 503 causis
881 468 1062 512 iudiciarijs
1091 466 1304 510 «tenuabitur,
1347 466 1443 500 nohis
1472 467 1548 510 duo⁷
1578 467 1658 501 Item
1689 467 1729 501 de
1757 469 1880 507 causis„
1915 478 1980 512 que
2009 467 2049 502 ad
2078 467 2175 502 Ciui-

314 538 411 567 tatcm
447 531 587 565 eandem
619 530 700 565 Jure
742 530 782 564 de
817 532 988 576 prouincia
1024 528 1254 571 deuoluimur,
1290 532 1402 574 vtpote
1431 532 1506 562 sunt
1534 527 1722 563 homicidia.
1766 528 1907 569 wlnera,
1936 527 2024 562 furta
2051 533 2085 562 et
2111 529 2175 562 alia

315 595 375 639 hijs
405 592 534 627 similia.
564 603 628 637 que
655 591 753 634 vltra,
783 602 881 636 quam
911 590 951 624 ad
979 593 1078 624 vnius
1105 589 1332 623 Juramentum
1362 588 1503 623 hominis
1524 600 1560 623 se
1582 589 1814 623 extenderunt.
1847 592 1985 623 tercium
2005 588 2175 623 denarium

314 654 446 689 habebit
474 653 586 687 Judex
615 655 767 698 proprius
800 651 878 685 ville
912 651 1009 694 illius,
1052 650 1140 684 vnde
1177 661 1280 684 causa
1322 649 1363 684 ad
1404 652 1570 684 ciuitatem
1602 653 1755 695 peruenit
1788 649 2007 696 prebaffitam,
2048 660 2176 699 nosque

314 717 407 751 duos.
437 715 488 749 De
517 714 634 760 quibus
669 712 798 747 duobus
834 712 979 756 denarijs
1015 714 1150 746 terciam
1179 715 1308 757 partem
1337 710 1518 745 aduocatos
1555 713 1697 757 accipiet
1725 722 1799 745 cum
1828 713 1896 744 suis
1925 709 2178 745 successoribus

315 781 518 824 prenotatus.
561 775 641 809 Item
683 774 766 808 duos
807 773 923 807 laneos
956 772 1090 807 habebit
1130 772 1252 807 liberos
1281 771 1342 807 sub
1372 776 1493 815 aratro„
1524 776 1556 806 et
1583 776 1651 806 tres
1679 783 1818 806 censmn
1846 771 1910 806 sibi
1937 771 2119 815 soluentes,
2147 774 2180 805 et

315 838 377 872 alia
408 837 493 871 dona
523 841 556 870 ct
584 838 739 871 seruicia.
769 845 833 879 que
861 845 922 880 per
949 844 1011 868 nos
1040 838 1072 868 et
1100 838 1232 868 nostros
1260 832 1434 876 officiales,
1464 837 1497 866 et
1524 844 1741 867 successores
1757 833 1830 877 alijs
1854 835 1975 867 nostris
1990 831 2178 866 hominihus

316 902 536 945 imponuntur.
579 908 662 943 quos
704 901 813 930 tamen
842 896 957 929 laneos
986 899 1126 929 tenetur.
1168 894 1258 928 Ideni
1288 893 1426 940 Tyczko
1456 893 1496 927 ab
1526 893 1599 938 hijs„
1629 893 1746 939 quibus
1781 893 1918 939 obligati
1952 893 2097 937 fuerunt,
2139 892 2179 927 ab

315 960 486 994 aduocatis
523 957 686 1004 prioribus
721 957 876 991 llberare.
919 956 1001 990 Item
1042 967 1144 990 vnam
1178 955 1307 990 stubam
1348 954 1532 989 balniarem
1560 954 1697 988 llberam
1726 966 1800 988 cum
1830 966 1933 989 censu
1967 965 2040 998 suo,
2082 939 2201 1000 quam·

316 1024 433 1056 eciam.
477 1032 549 1054 cum
592 1019 722 1053 venalis
756 1017 864 1061 fuerit7
907 1016 1070 1061 liberabit,
1113 1016 1196 1050 Item
1225 1016 1289 1050 duo
1317 1015 1479 1050 Maccella
1508 1018 1656 1050 carnium
1685 1019 1716 1049 in
1746 1015 1810 1049 fine
1838 1018 2002 1062 superiori
2030 1017 2180 1049 iacencia

316 1081 561 1116 maccellorum.
592 1092 655 1125 quc
684 1079 807 1113 habent
842 1079 905 1113 duo
935 1078 1053 1115 hostia,
1097 1082 1129 1112 ct
1156 1082 1296 1123 quatuor
1323 1077 1501 1111 fenestras.
1536 1077 1611 1111 Duo
1630 1076 1802 1111 'Maccella
1830 1087 1954 1123 panum
1981 1080 2014 1110 et
2041 1080 2182 1122 quatuor

316 1143 473 1177 maccella
503 1142 692 1175 calceorum
722 1140 760 1174 ad
792 1143 908 1186 ipsum„
939 1144 1115 1186 postquam
1143 1150 1184 1173 ea
1213 1138 1379 1182 exsoluet,
1408 1138 1513 1173 libere
1540 1137 1763 1184 pertinebunt7
1792 1137 1872 1172 Item
1902 1137 1966 1171 duo
1988 1136 2181 1172 Molendina

316 1208 376 1238 sita
406 1207 438 1237 in
466 1203 555 1237 villa.
586 1208 617 1236 ct
646 1213 742 1247 aqua³
786 1213 849 1247 quc
891 1201 977 1235 dicta
1018 1205 1093 1234 sunt
1133 1200 1314 1242 anzowa.,
1357 1199 1461 1233 libere
1489 1199 1684 1245 possidebib
1712 1198 1794 1233 Item
1823 1198 1904 1233 duas
1938 1198 2074 1245 Kuppas
2103 1197 2182 1233 salis

316 1265 455 1310 singulis
497 1267 592 1298 annis
624 1276 640 1297 a
672 1263 848 1297 Saliscutis
883 1265 1024 1308 accipiet
1059 1266 1091 1296 et
1125 1273 1144 1295 a
1180 1260 1301 1306 figullis
1343 1261 1436 1303 ollas‚
1471 1272 1535 1306 que
1563 1259 1788 1294 Marcbtrccht
1814 1260 1990 1305 wlgaritur
2017 1259 2181 1302 dicuntur,

318 1331 351 1360 vt
380 1327 539 1360 hactenus
569 1329 618 1358 cst
647 1328 853 1358 consuetum.
884 1323 965 1357 Item
995 1325 1221 1369 piscacionem
1251 1326 1283 1356 in
1310 1322 1388 1356 villa
1419 1321 1658 1366 Sichlingdorf„
1697 1325 1731 1355 et
1758 1331 1825 1355 non
1853 1320 1930 1356 alibi
1958 1319 2020 1355 sibi
2054 1320 2182 1363 damus,

318 1388 395 1422 ilem
426 1389 631 1420 venaciones
661 1390 693 1419 et
722 1384 938 1431 vogilweydc
981 1387 1105 1418 circum
1139 1387 1306 1417 ciuitatem
1335 1388 1367 1417 et
1395 1386 1427 1417 in
1456 1385 1695 1428 quinquaginta
1729 1382 1836 1416 laneis
1872 1381 1913 1415 311
1940 1384 2047 1428 ipsam
2074 1383 2184 1428 perti-

317 1448 481 1484 nentibus
515 1447 627 1481 Eidem
658 1446 832 1493 Tyczlzoni
862 1450 895 1479 et
923 1448 990 1479 suis
1020 1444 1197 1479 heredibus
1219 1449 1250 1479 et
1272 1443 1524 1478 successoribus
1545 1443 1760 1478 concedimus
1775 1443 1874 1490 pleno
1890 1445 1973 1477 iure.
2003 1441 2184 1477 Cassamus

318 1515 468 1556 preterca
498 1520 614 1542 onmes
644 1508 725 1541 alias
755 1508 865 1541 literas
895 1511 925 1541 ct
954 1507 1127 1553 priuilegia
1157 1509 1268 1540 omnia
1297 1517 1398 1552 super
1417 1505 1599 1551 predictum
1621 1504 1776 1538 iudicium
1796 1506 1888 1551 prius
1908 1503 1994 1538 data.
2016 1503 2183 1538 viantem

317 1574 427 1604 11111313
456 1574 602 1616 prctacta
632 1573 792 1615 perpetue
821 1573 855 1602 et
880 1567 1113 1602 inuiolabiliter
1141 1570 1172 1601 in
1202 1578 1262 1601 suo
1291 1566 1413 1601 robore
1441 1569 1671 1612 perseuerent,
1701 1569 1876 1612 presentes
1904 1564 2003 1600 scribi
2019 1569 2052 1599 et
2079 1566 2183 1599 nostri

318 1632 423 1676 Sigilli
454 1634 660 1677 appensione
689 1630 828 1664 fecimus
857 1631 1062 1663 communiri.
1093 1628 1214 1662 Datum
1244 1631 1276 1662 111
1304 1628 1392 1662 Α313
1414 1630 1520 1672 regia,
1551 1627 1652 1661 Anno
1669 1626 1826 1661 dominini
1840 1623 2181 1661 MO.CCC⁰.XXXH⁰.

319 1696 421 1727 tei-cio
450 1692 526 1726 Idus
547 1692 636 1735 Julij.
664 1690 734 1725 Nos
758 1702 889 1736 quoquc
917 1689 1020 1724 frater
1046 1689 1180 1724 Vlricus
1210 1689 1314 1723 abbas
1337 1688 1576 1731 Cedliczensis,
1605 1691 1757 1723 visitator
1785 1687 1860 1722 aule
1888 1690 1982 1732 regie
2018 1686 2059 1721 ad
2094 1688 2184 1732 peti—

319 1757 448 1787 cionem
478 1758 508 1786 ct
539 1755 793 1798 requisicionem
835 1752 957 1785 domini
987 1751 1129 1785 Abbatis
1170 1755 1203 1785 et
1236 1750 1429 1784 Conuentus
1469 1749 1664 1794 Monasterij
1695 1748 1886 1795 supradicti,
1923 1748 2008 1783 Rata
2036 1751 2069 1782 et
2088 1750 2183 1792 grata

320 1815 478 1848 babemus·
501 1818 621 1848 onmia.
652 1824 715 1858 que
737 1816 890 1860 superius
916 1817 991 1848 sunt
1012 1823 1187 1858 expressa„
1210 1816 1390 1857 nostroque
1419 1810 1536 1856 Sigillo
1565 1810 1719 1844 duximus
1747 1808 1975 1856 approbanda.

632 1911 719 1945 (oi-ig.
752 1911 896 1938 1111·11111Γ311.
929 1920 985 1936 1·11111
1020 1910 1125 1936 duobus
1155 1908 1264 1943 sigillis,
1299 1908 1432 1943 equibus
1464 1908 1575 1934 alterum
1608 1907 1728 1934 mulsum
1752 1910 1805 1941 est,
1835 1906 1860 1933 in
1892 1904 2002 1932 archivo
2026 1904 2182 1931 monasterii

728 1963 985 1992 Aufflistiuiauorum
1011 1963 1043 1989 ad
1068 1962 1122 1989 00.
1148 1962 1196 1988 SS.
1223 1961 1344 1988 Olomuc.
1371 1961 1439 1996 apud
1464 1961 1493 1987 C.
1520 1961 1548 1987 11.
1574 1960 1690 1986 Gubern.
1716 1960 1810 1986 Bruuae
1834 1960 1883 1986 sub
1907 1958 1945 1985 tit.
1971 1957 2002 1984 G.
2028 1966 2052 1984 n.
2083 1956 2123 1990 1.)

1174 2074 1335 2110 CDXLII.

321 2146 530 2192 Rvyulmlets.
568 2147 756 2179 mlrocalus
791 2147 832 2180 de
865 2146 1006 2185 Fnliwlf„
1049 2147 1154 2180 doleat
1178 2145 1328 2190 plebano
1357 2146 1514 2179 eccles-ise
1539 2143 1775 2190 parrochialis
1804 2141 1923 2175 ibidem
1955 2152 2054 2174 uuum
2082 2152 2183 2175 mac-

475 2208 595 2241 cellum
625 2219 794 2241 carneam.
834 2208 890 2241 Dl.
924 2210 955 2241 ῖη
986 2207 1116 2241 Fulnelt
1141 2209 1207 2252 fer.
1239 2207 1286 2241 II.
1312 2210 1393 2252 post
1423 2207 1655 2241 Assumliom's
1683 2203 1725 2237 B.
1756 2203 1802 2236 M.
1841 2202 1875 2238 Γ.
1908 2202 2019 2236 1332.

496 2276 590 2341 Ego
633 2294 829 2340 Reynbolus
872 2295 1053 2329 aduncatus
1091 2295 1131 2329 de
1173 2294 1313 2338 Fuluek,
1350 2294 1390 2329 ad
1432 2296 1664 2329 vniuersoruni
1697 2293 1852 2324 noticiam
1887 2290 1965 2325 volo
1994 2292 2184 2336 peruenire,

321 2357 406 2402 quod
435 2360 545 2390 animo
575 2356 769 2398 deliberatm
800 2360 926 2388 maturo
956 2368 1029 2389 cum
1058 2356 1198 2390 consilio
1227 2358 1408 2389 amicorum
1438 2359 1471 2389 et
1498 2354 1839 2392 consangwincorum
1875 2362 2037 2395 meorum,
2070 2353 2186 2385 nomi-

322 2420 420 2451 natim
451 2418 491 2451 de
520 2429 688 2451 consensu
718 2421 750 2450 ct
779 2416 948 2450 voluntate
977 2417 1114 2451 tiliorum
1146 2428 1306 2454 meorum,
1330 2416 1485 2450 videlicet
1501 2413 1736 2455 Bai-tholomei,
1756 2412 2185 2458 NicolaietReynczconis

323 2490 421 2512 vnum
453 2478 643 2512 macc-ellum
674 2487 732 2512 scu
763 2477 903 2511 bancum
933 2489 1090 2511 carneum
1130 2478 1170 2511 de
1199 2482 1340 2522 quatuor
1369 2475 1534 2510 maccellis
1563 2474 1602 2507 ad
1633 2474 1847 2507 aduocaciam
1886 2484 1992 2507 meam
2022 2476 2186 2519 spectan-

323 2538 407 2571 tibus
436 2538 477 2572 ob
508 2539 688 2572 i·‹·iiic‹liinii
718 2542 827 2573 anime
857 2549 942 2571 mcc.
974 2550 1012 2570 ac
1041 2541 1185 2572 onmium
1215 2543 1387 2584 parentum
1418 2546 1564 2570 meorum
1595 2539 1623 2568 1-1
1654 2538 2008 2577 consanewiiworum,
2051 2533 2185 2568 domino

323 2599 490 2633 ,1111111111111ι
529 2600 669 2645 plebano
705 2599 849 2634 ecclesie
885 2598 1102 2645 parrochialis
1132 2602 1162 2633 in
1194 2599 1332 2641 Fulnck,
1369 2603 1401 2632 ct
1428 2595 1580 2630 omnibus
1610 2599 1677 2630 suis
1706 2595 1959 2630 successoribus
1989 2605 2047 2641 pro
2077 2598 2186 2629 testa-
