2325 2941
1235 150 1305 185 186

350 269 490 303 Domine
513 268 653 311 Regiae.
682 277 781 312 super
801 265 979 312 predictam
1003 264 1245 307 vendicionem,
1275 264 1347 308 alijs
1368 263 1553 310 patentibus
1578 267 1699 299 nostris
1727 265 1840 299 litteris
1866 265 2049 300 Maiestatis
2081 269 2192 299 nostre

350 330 483 373 sig-iltis.
514 327 630 372 quibus
659 331 733 360 tunc
762 326 934 360 vtebamur
962 325 1123 370 sigillatis.
1151 336 1211 370 per
1238 335 1299 358 nos
1327 327 1433 358 eciam
1461 325 1542 359 datis
1570 325 1748 359 liberaliter
1775 330 1807 359 et
1833 329 2014 360 concessis.
2068 325 2193 359 verum

351 401 422 423 eum
458 389 602 434 predicta
630 387 771 421 Domina
806 387 936 431 Regina
974 386 1090 420 volens
1125 385 1165 419 de
1198 388 1418 430 supranotatis
1453 384 1547 419 bonis
1580 386 1694 419 dotare
1727 385 1962 419 Monasterium
1999 386 2194 420 Beatissime

352 451 496 494 Yirginis
524 448 629 482 Marie
657 451 753 482 situm
781 452 856 481 ante
883 448 1051 481 Ciuitatem
1075 451 1218 479 nostram
1243 445 1459 480 Brunensem.
1490 448 1519 479 in
1549 446 1622 479 loco
1652 446 1707 480 vbi
1731 446 1857 482 (licium
1886 446 2030 493 Antiqua
2047 446 2191 480 Brunna.

350 510 434 556 quod
463 509 548 543 Aula
578 510 700 542 Sancte
728 507 834 542 Marie
863 512 1085 553 nuncupatur.
1123 506 1274 553 quodque
1309 506 1349 540 ad
1383 506 1510 540 laudem
1544 506 1622 540 Dei.
1662 512 1692 541 et
1727 507 1887 540 honorem
1920 510 2089 551 genitricis
2124 509 2194 541 eius

350 571 496 617 predicte
531 572 670 613 virginis
708 569 853 613 gloriose
883 568 922 602 de
956 579 1043 601 nouo
1081 567 1245 603 fundauit,
1281 572 1312 600 ct
1340 569 1433 600 cuius
1468 566 1698 601 fundacioncm
1734 572 1837 601 ratam
1873 567 2050 611 habemus,
2084 567 2195 602 villam

350 635 453 677 ipsam
482 630 649 664 forensem
677 629 828 675 Meneys.
860 633 891 662 et
920 628 1080 674 prefatam
1111 631 1245 662 terciam
1274 632 1399 674 partem
1436 627 1597 662 bonorum
1631 631 1664 662 in
1692 628 1891 674 llustopecz‚
1926 631 1960 662 iu
1989 628 2194 663 Stirzowicz.

352 696 382 725 et
412 695 442 725 in
472 690 702 725 Nostarowicz
731 701 804 723 cum
833 691 900 724 suis
929 688 1079 722 omnibus
1108 693 1139 722 ct
1168 689 1317 733 singulis.
1346 693 1380 722 vt
1408 691 1604 734 premittitur
1624 691 1849 734 pertinencijs.
1880 691 1911 722 in
1940 688 2196 735 quibuscumque

350 755 549 791 consistant„
579 762 710 785 necnon
739 750 820 784 alias
849 736 995 793 integras
1024 749 1105 783 duas
1133 754 1244 795 partes
1280 749 1399 783 ibidem
1427 752 1459 783 in
1488 749 1676 795 llustopecz
1705 761 1777 783 cum
1806 752 1972 784 vniucrsis
2000 753 2032 784 et
2059 749 2197 794 singulis

352 814 457 847 bonis.
488 811 710 858 spectantibus
739 811 778 845 ad
808 810 941 845 easdem
971 810 1051 844 duas
1080 815 1200 856 partes.
1231 814 1325 856 prout
1359 813 1448 856 ipsas
1483 810 1564 843 duas
1599 814 1709 856 partes
1746 814 1919 844 tenuerunt
1955 809 2068 844 fideles
2095 811 2197 844 nostri

353 874 548 907 willielmus
577 878 606 906 et
636 872 794 906 Friczclio
822 872 941 906 fratres
971 871 1010 905 de
1041 871 1243 914 Egerbcrcln
1281 883 1298 904 a
1334 871 1450 917 quibus
1478 870 1605 916 prefata
1635 871 1763 904 domina
1794 871 1922 916 Regina
1952 870 2089 905 easdem
2117 870 2198 904 duas

352 939 472 981 partes.
502 945 574 968 cum
604 933 697 967 bonis
727 932 921 975 huiusmodi,
950 935 1081 978 propria
1104 944 1162 966 sua
1192 935 1330 977 pecunia
1353 935 1567 978 comparauit.
1590 936 1621 965 et
1642 935 1723 966 sicut
1745 935 1776 965 in
1801 932 1913 965 litteris
1935 931 2010 965 inde
2038 930 2198 966 confectis

353 996 414 1029 boc
443 996 568 1041 plenius
597 997 799 1035 continetur„
835 993 981 1039 predicto
1008 992 1212 1027 Monasterio
1241 997 1272 1026 et
1300 992 1496 1033 Abbausse„
1531 1004 1570 1026 ac
1599 996 1775 1026 conuentui
1803 992 1992 1026 monialium
2021 1003 2084 1037 que
2111 1002 2199 1026 nunc

353 1061 436 1090 sunt.
474 1060 503 1088 et
541 1067 603 1100 que
637 1066 694 1101 pro
729 1059 875 1100 tempore
911 1054 1030 1087 fuerint
1066 1053 1184 1087 ibidem
1222 1056 1253 1087 in
1288 1053 1363 1087 dote
1399 1057 1430 1087 et
1467 1053 1550 1086 dotis
1589 1056 1722 1093 nomine
1755 1053 1929 1087 contulerit
1964 1057 1997 1086 et
2028 1052 2199 1086 donauerit

354 1121 589 1162 imperpetuum
612 1115 692 1149 Jure
714 1118 930 1161 proprietario
951 1119 980 1148 et
1003 1114 1200 1148 hereditario
1222 1113 1433 1160 possidenda.
1463 1114 1582 1147 Petens
1604 1126 1621 1147 a
1645 1113 1739 1147 nobis
1763 1118 1799 1148 vt
1823 1113 2046 1160 principaliter
2066 1117 2200 1159 propter

354 1178 472 1212 Deum.
502 1181 531 1211 ct
561 1176 602 1210 ob
632 1177 873 1211 Reuerenciam
888 1175 1001 1209 Matris
1030 1178 1100 1209 eius
1128 1175 1286 1221 predicte.
1316 1178 1409 1209 cuius
1437 1180 1485 1209 est
1510 1175 1628 1208 dictum
1656 1174 1891 1209 Monasterium
1921 1174 2085 1209 vocabulo
2114 1176 2201 1207 insi-

351 1241 485 1275 gnitum.
516 1238 744 1279 collacioncni,
774 1241 806 1271 et
833 1236 1051 1270 donacionem
1081 1236 1256 1282 predictas.
1286 1236 1460 1270 ratificare.
1490 1235 1687 1281 approbare,
1717 1241 1749 1269 et
1776 1235 1972 1269 confirmare
2000 1235 2040 1269 de
2061 1234 2198 1279 Regalis

355 1304 466 1333 nostre
482 1298 682 1331 celsitudinis
704 1298 884 1331 clemencia
907 1297 1131 1339 dignaremur.
1162 1296 1230 1330 Nos
1248 1300 1301 1342 qui
1319 1297 1484 1342 profusam
1500 1308 1581 1341 erga
1604 1308 1664 1330 nos
1686 1308 1829 1342 superne
1845 1296 2015 1330 dexteram
2037 1295 2200 1341 largitatis

354 1372 397 1394 ex
413 1359 518 1393 multis
539 1361 701 1404 perceptis
724 1358 891 1392 beneficiis
913 1360 1136 1402 agnoscimus.
1159 1362 1189 1391 et
1212 1358 1388 1403 specialem
1407 1357 1447 1391 ad
1463 1357 1582 1391 dictam
1604 1360 1767 1401 virginem
1784 1357 1964 1401 gloriosam
1984 1355 2200 1402 redemptoris

355 1423 457 1454 nostri
485 1421 679 1464 genitricem
710 1418 867 1453 babemus
889 1421 1129 1461 reuerenciam,
1159 1430 1262 1464 spem.
1293 1423 1326 1452 et
1349 1418 1455 1452 tidem.
1485 1418 1624 1452 libenter
1644 1418 1715 1452 loca
1739 1418 1880 1463 quelibet
1903 1421 1934 1451 in
1956 1417 2082 1451 honore
2105 1416 2202 1450 beate

354 1486 385 1515 et
412 1481 557 1525 gloriose
585 1482 728 1524 virginis
758 1479 911 1525 predicta}
941 1479 1086 1513 fundata.
1116 1479 1170 1513 vbi
1200 1490 1385 1525 possumus.
1417 1490 1660 1525 promouenms.
1696 1483 1726 1512 et
1761 1478 1960 1525 specialibus
1992 1479 2129 1523 gracijs‚
2162 1487 2202 1511 ac

353 1541 526 1585 condignis
563 1540 732 1574 fauoribus
767 1540 975 1586 ampliamus.
1016 1543 1118 1586 ipsius
1151 1540 1293 1573 Domine
1328 1540 1458 1585 Regine
1493 1543 1523 1573 in
1559 1539 1620 1573 hac
1655 1544 1747 1585 parte
1781 1542 1945 1585 peticione
1979 1538 2020 1572 ad
2054 1540 2201 1584 graciam

353 1602 582 1636 exaudicionis
611 1601 835 1635 fauorabilitcr
863 1601 1018 1635 admissa.
1048 1601 1212 1647 predictas
1241 1604 1385 1634 omnium
1416 1601 1574 1635 bonorum
1604 1600 1825 1646 predictorum
1847 1600 2062 1634 collacionem
2084 1602 2117 1633 et
2136 1597 2202 1632 do-

355 1666 527 1697 nacionem
557 1662 774 1699 ratificamus,
809 1662 1044 1707 approbamus.
1080 1666 1112 1695 ct
1144 1674 1187 1695 cx
1222 1666 1311 1695 certa
1340 1665 1484 1696 sciencia
1514 1673 1552 1695 ac
1581 1662 1717 1707 speciali
1746 1664 1859 1705 gracia
1887 1660 2134 1702 confirmamus,
2169 1662 2202 1692 et

357 1724 597 1758 ratiticaeionis.
627 1722 893 1769 appi-obacionis.
924 1727 953 1756 et
983 1723 1249 1756 confirmacionis
1279 1727 1462 1756 nostrarum
1493 1722 1626 1756 Robore
1655 1724 1905 1756 conununinms.
1941 1720 1983 1756 Et
2008 1724 2045 1755 vt
2071 1719 2110 1754 ad
2139 1718 2202 1753 hoc

357 1787 488 1818 maioris
518 1784 645 1817 eautele
675 1788 704 1817 et
734 1784 893 1817 firmitatis
923 1787 1124 1829 perpetuitas
1153 1783 1301 1818 accedat.
1331 1783 1400 1817 Nos
1429 1786 1533 1817 eciam
1563 1794 1659 1817 «mine
1689 1786 1749 1817 ius.
1779 1785 1805 1817 si
1834 1781 1922 1827 quod
1949 1781 2059 1824 nobis,
2088 1779 2202 1814 llere—

357 1845 462 1878 dibus.
493 1845 545 1878 vel
575 1844 833 1878 Successoribus
862 1847 981 1878 nostris
1010 1847 1040 1878 in
1070 1844 1224 1890 predictis
1254 1844 1359 1878 bonis.
1389 1848 1419 1878 et
1448 1847 1515 1878 suis
1543 1846 1745 1889 pertinentiis
1774 1842 1962 1885 antedictis,
1996 1841 2035 1875 ad
2064 1851 2202 1886 presens

359 1908 523 1950 competit.
553 1905 605 1939 vel
636 1909 747 1951 posset
788 1905 1031 1951 quomodolibet
1065 1909 1254 1950 competere
1288 1907 1318 1938 in
1356 1904 1507 1947 futurnnn
1544 1904 1679 1950 prefatis
1713 1903 1928 1940 Monasterio,
1963 1901 2143 1936 Abbatisse
2171 1905 2203 1934 et

360 1966 542 1999 Conuentui
565 1966 741 1999 liberaliter
769 1965 970 1999 conferimus
999 1970 1030 1999 et
1059 1966 1230 1999 donamus.
1262 1965 1420 1999 Volentes
1448 1970 1481 1999 vt
1506 1964 1743 1998 Monastcrium
1772 1963 1950 2010 predictum
1972 1966 2004 1996 et
2022 1960 2201 1995 Abbatissa

360 2030 392 2060 et
420 2026 608 2060 Conuentus
638 2029 737 2072 ipsius
765 2026 956 2070 Monasterij
988 2029 1143 2061 vniuersa
1173 2031 1203 2060 et
1232 2026 1362 2067 singula
1392 2026 1475 2060 bona
1506 2025 1662 2071 predicta.
1693 2029 1844 2070 tanquam
1866 2023 1933 2058 Sua
1956 2025 1986 2056 in
2009 2026 2202 2069 perpetuum

359 2086 513 2121 babeant.
544 2090 685 2120 teneant.
716 2091 747 2120 et
775 2087 965 2132 possideant
993 2087 1105 2121 libere.
1136 2087 1284 2133 pacifice.
1315 2091 1347 2120 ct
1374 2089 1494 2131 quiete.
1515 2097 1588 2119 cum
1611 2089 1698 2120 omni
1720 2085 1810 2122 Jure,
1839 2083 2090 2126 Jurisdtccione,
2119 2094 2203 2129 pro-

359 2146 529 2185 uentibus,
561 2146 765 2181 x'tilitatibus.
801 2153 833 2181 et
861 2148 932 2191 alijs
960 2147 1111 2181 omnibus
1145 2152 1175 2181 et
1209 2147 1346 2189 singulis
1380 2150 1590 2193 pertinenciis
1625 2146 1835 2192 supradictis,
1872 2147 1913 2178 ita
1949 2144 2033 2189 quod
2068 2143 2202 2178 Judices

359 2208 517 2241 bonorum
547 2209 689 2252 ipsorum
719 2211 770 2252 qm
800 2220 858 2254 per
886 2208 1097 2242 Abbatissam
1126 2213 1158 2242 et
1187 2209 1394 2242 Conuentum
1425 2208 1599 2254 predictas,
1630 2206 1746 2240 ibidem
1771 2205 1867 2238 locati
1893 2205 2022 2247 fuerint,
2052 2207 2083 2238 in
2108 2204 2202 2239 bonis

357 2268 482 2301 eisdem
511 2267 690 2301 secundum
720 2269 805 2313 quod
835 2272 883 2302 cis
911 2280 1108 2303 concessum
1138 2273 1169 2302 et
1197 2274 1390 2303 consuetum
1419 2273 1469 2303 cst
1497 2273 1644 2303 actenus,
1674 2269 1704 2299 in
1734 2277 1833 2299 causa
1856 2265 2000 2311 qualibet
2025 2263 2201 2307 iudicandi,

361 2329 501 2374 plenam.
531 2333 563 2362 ct
591 2328 725 2361 liberam
755 2328 894 2362 babeant
924 2334 1129 2375 potestatem.
1161 2330 1313 2363 Ceterum
1343 2332 1417 2375 qnia
1447 2341 1489 2363 ex
1513 2330 1621 2362 animo
1643 2329 1801 2372 cupimus.
1820 2331 1854 2360 x‘t
1875 2331 1976 2361 status
2004 2328 2104 2372 ipsius
2122 2324 2203 2360 Μο-

361 2390 516 2433 nasterij„
546 2388 586 2423 dc
615 2388 702 2422 bono
730 2400 862 2434 semper
890 2393 920 2423 in
951 2390 1065 2423 melius
1093 2394 1271 2435 augeatur.
1307 2394 1339 2424 ct
1365 2394 1401 2423 vt
1427 2388 1604 2423 Abbatissa
1634 2399 1673 2420 ac
1702 2387 1892 2421 Conuentus
1920 2386 2057 2433 predicti
2085 2386 2202 2420 diuinis

361 2450 527 2494 obscquijs
557 2462 597 2483 co
626 2453 751 2495 possint
780 2461 901 2483 vacare
931 2450 1073 2485 liberius.
1103 2463 1209 2496 eoque
1238 2462 1296 2496 pro
1325 2450 1430 2484 salute
1450 2453 1482 2482 et
1505 2450 1724 2494 prosperitate
1745 2452 1854 2481 nostra
1877 2450 2044 2490 continua,
2072 2457 2202 2481 necnon

363 2515 391 2543 et
422 2510 671 2555 l'rogenitorum
702 2522 740 2543 ac
769 2509 1043 2544 l'redecessorum
1073 2516 1257 2545 nostrorum
1293 2513 1473 2544 animarum
1509 2508 1665 2542 remedio.
1700 2508 1795 2542 deum
1829 2508 1957 2542 deuotis
1992 2506 2202 2542 oracionibus

361 2581 514 2612 exorare,
540 2582 603 2616 quo
628 2573 676 2604 eis
698 2570 863 2604 liberalius
887 2573 1004 2614 quictis
1032 2572 1202 2605 commoda
1233 2581 1457 2617 procuramus,
1487 2573 1584 2613 vtque
1607 2572 1710 2602 eciam
1734 2574 1844 2602 nostre
1871 2569 2071 2603 liberalitatis
2091 2569 2203 2602 muni-

362 2630 529 2664 ticcnciam
553 2633 582 2664 in
604 2643 640 2665 sc
661 2633 811 2665 sanciant
832 2631 1036 2676 ampliorem,
1058 2634 1134 2676 ipsis
1154 2631 1334 2665 Abbatisse
1359 2634 1391 2664 ct
1410 2630 1592 2663 Cmmentui
1613 2629 1803 2674 Monasterij
1827 2632 1997 2663 memorati
2019 2628 2060 2663 de
2077 2629 2202 2673 ‘gracia
