2341 3005
1049 149 1125 184 287

148 268 267 300 iustam
295 270 328 300 01
355 268 584 300 necessariam
613 265 848 309 decernentes,
878 276 952 299 eam
982 264 1253 311 approbauimus.
1284 271 1315 300 et
1344 267 1553 312 presentibus
1589 268 1812 315 approbamus
1845 268 1886 303 de
1921 273 2023 304 nostri

148 338 335 363 consensus
364 327 568 374 plenitudine
597 332 629 362 et
656 326 785 371 fauore,
815 326 977 361 volentes
1006 331 1040 361 ut
1066 326 1185 361 Abbas
1216 332 1247 361 et
1277 327 1470 363 Conuentus
1498 330 1635 375 predicti
1663 329 1857 375 Monasterij
1888 330 2025 365 Bruno-

147 391 274 424 uiensis
315 394 533 423 memoratam
566 392 701 424 vineam
744 393 879 422 teneant
912 388 1033 433 libere„
1076 388 1215 423 liberam
1251 392 1341 423 omni
1373 389 1454 424 Jure
1497 395 1529 424 et
1562 391 1723 426 libertate.
1767 392 1884 438 quibus
1912 398 2026 439 posset

147 450 257 496 aliqua
284 453 386 485 vinea
416 450 565 485 libertari
592 450 672 485 Jure
701 449 914 493 hereditariQ
945 453 1017 485 siue
1038 453 1271 497 proprietario,
1303 451 1506 498 temporibus
1527 453 1717 499 profuturis.
1749 454 1788 488 Et
1817 459 1850 488 111
1878 466 2027 501 presen-

147 511 244 553 tibus.¹
280 516 312 546 et
339 512 496 558 predictis
525 517 591 546 tam
618 511 822 555 vendicioni.
863 523 962 558 quam
990 512 1133 547 libertati
1161 515 1297 547 maioris
1326 512 1488 547 firmitatis
1516 513 1619 548 robur
1652 515 1800 557 accedat.v
1835 521 2026 562 presentem

146 573 276 608 literam
305 578 420 608 nostro
449 577 578 617 maiori,
618 578 650 608 et
676 573 858 609 Abbatisse
896 578 927 608 et
957 574 1150 609 Conuentus
1182 579 1297 608 nostre
1331 574 1544 609 fundacionis
1571 575 1766 621 Monasterij
1797 577 1883 611 Aule
1912 583 2027 612 sancte

145 634 264 670 Marie.
295 635 421 670 ordinis
451 636 695 679 Cistercieiisis‚
727 635 960 670 olomucensis
989 636 1155 681 Djocesis,
1190 636 1317 681 sigillis
1346 636 1496 671 dedimus
1530 640 1562 671 in
1592 640 1814 672 testimonium
1844 651 1944 685 super
1972 651 2024 673 00.

145 697 268 731 Actum
297 702 330 731 et
358 697 467 732 datum
498 700 528 731 in
558 697 707 743 predicto
727 696 934 731 Monasterio
963 697 1050 731 Aula
1080 702 1196 732 sancte
1216 697 1322 732 Mai-ie
1352 698 1520 733 Kalendas
1540 697 1742 733 Novembris
1773 700 1873 734 Anno
1903 701 2026 735 domini

146 749 323 793 Millesimo
353 758 606 793 Trecentesimo
635 762 798 793 vicesimo
827 764 961 793 octavo.

460 838 549 873 (Orig.
583 839 729 866 membran.
761 847 819 865 cum
852 839 957 866 duobus
988 838 1105 873 sigillis,
1126 848 1254 874 ,quorum
1290 840 1401 875 primum
1434 840 1574 867 bilaterale
1602 842 1687 876 majus
1726 843 1793 868 bene
1825 846 2024 876 consumatum,

565 891 680 918 alterum
704 900 770 918 vero
795 891 885 919 minus
908 891 989 918 valde
1014 893 1104 919 laesum
1130 896 1183 925 est,
1208 893 1233 920 111
1259 893 1369 920 arcliixo
1399 894 1556 920 monasterii
1582 894 1782 928 Rayliradensis
1814 896 1841 922 T.
1868 905 1892 922 e.
1919 896 1946 922 ll.
1973 894 1993 917 Ῥ

564 944 716 971 Excussum
740 945 811 980 apud
835 945 945 972 Dobner
968 945 1121 972 monument
1148 946 1192 973 vi.
1219 955 1245 981 p.
1273 946 1338 979 55.)

150 1103 363 1149 Compositio
387 1103 457 1137 litis
487 1104 577 1137 luter
598 1102 797 1147 Ber-elatam,
829 1103 985 1137 relictam
1013 1103 1166 1139 Villiom's
1195 1104 1236 1138 de
1256 1096 1451 1142 Sit-abenic.
1473 1109 1506 1139 el
1527 1107 1767 1139 monasterinm
1790 1106 2025 1140 Ztlerasiense

347 1166 443 1199 circa
473 1165 586 1199 villam
615 1164 831 1210 Morou-any.
862 1165 992 1199 Dolum
1021 1165 1149 1200 Brome
1174 1167 1240 1210 fer.
1272 1167 1320 1210 II,
1351 1171 1433 1201 (tute
1462 1167 1500 1201 S.
1532 1167 1679 1201 Martini
1707 1167 1818 1202 1328.

320 1233 412 1288 Ros
441 1252 544 1287 frater
571 1252 744 1287 Johannes
773 1252 966 1299 Prepositus
994 1253 1190 1299 Monasterij
1220 1257 1254 1288 in
1283 1255 1445 1301 Reygrad
1475 1254 1608 1290 Ordinis
1637 1256 1752 1290 Sancti
1780 1255 1964 1290 Benedicti.
1995 1261 2027 1290 et

146 1314 314 1350 Henricus
347 1314 468 1349 Custos
504 1314 750 1358 olomucensis,
787 1320 819 1350 et
854 1314 1044 1362 Stephanus
1080 1316 1245 1351 Plebanus
1280 1320 1313 1350 in
1342 1316 1471 1352 Vrbow
1506 1317 1753 1352 Ecclesiarum.
1792 1318 2026 1352 Olomucensis

147 1376 324 1423 dyocesis,
359 1379 528 1411 minersis
570 1381 603 1411 et
636 1377 776 1422 singulis
817 1380 1029 1423 presencium
1065 1381 1221 1412 noticiam
1264 1378 1441 1423 habituris‚
1478 1379 1770 1424 Recognoscimus
1807 1384 1839 1414 et
1871 1379 2023 1423 fatemur,

150 1437 247 1479 Quod
277 1449 350 1472 cum
381 1441 446 1472 iam
476 1438 596 1472 dudum
625 1438 817 1484 Religiosus
846 1441 899 1473 vir
926 1438 1029 1475 frater
1057 1439 1222 1476 Matheus.
1251 1439 1447 1485 Mouasterij
1477 1440 1712 1476 Zderaziensis
1740 1453 1845 1488 prope
1870 1441 2025 1487 Pragam.

149 1498 283 1534 Ordinis
317 1498 455 1534 fratrum
498 1499 674 1546 Sepulchri
714 1500 881 1535 Dominici
922 1501 1198 1536 Jerosolimitani.
1242 1502 1476 1547 religiosorum
1517 1505 1666 1537 virorum
1709 1503 1918 1537 dominorum

148 1560 313 1607 Prepositi
343 1565 376 1595 et
404 1561 597 1596 Conuentus
625 1561 819 1607 Monasterij
850 1567 883 1597 et
913 1563 1039 1597 ordinis
1067 1563 1272 1601 eoruindeim
1302 1563 1502 1598 Procurator
1535 1564 1576 1598 ad
1605 1564 1852 1611 infrascriptam
1887 1576 2023 1598 causam

148 1625 181 1657 in
208 1621 339 1656 ι111111010
369 1622 585 1659 tractandam.
616 1627 647 1657 et
676 1623 718 1657 ad
745 1624 983 1670 paciscendum
1012 1624 1262 1662 transigendum
1292 1636 1350 1659 seu
1380 1626 1714 1672 compromittentium
1743 1629 1775 1660 in
1805 1626 1923 1660 eadem
1952 1638 2026 1660 cum

148 1686 217 1718 suis
259 1687 432 1730 oportunis
474 1684 631 1719 clausulis
670 1688 702 1719 in
744 1688 815 1732 ipso
858 1686 1092 1720 Procuratorio
1128 1686 1292 1733 Prepositi
1330 1691 1360 1721 et
1400 1686 1591 1721 Conuentus
1633 1687 1856 1734 predictorum
1901 1688 2026 1733 sig-iltis

147 1748 350 1780 communito
379 1749 555 1789 contentis,
585 1750 793 1791 constitutus,
823 1753 856 1782 et
882 1747 1010 1783 Nobilis
1040 1749 1172 1782 (lomina
1203 1748 1345 1782 Berclita
1375 1749 1488 1783 relicta
1523 1749 1688 1795 qnondam
1720 1749 1841 1783 domini
1871 1749 2027 1783 Vitlionis

149 1806 190 1842 de
220 1806 441 1851 Swabenicz,
478 1806 713 1844 Olomucensis
755 1809 912 1856 dyocesis
948 1822 1050 1857 super
1079 1810 1204 1852 Causa‚
1248 1813 1434 1856 questione,
1464 1810 1534 1844 Lite
1577 1822 1635 1844 seu
1665 1814 1896 1845 controuersia
1926 1823 2027 1857 super

148 1868 291 1915 quodam
326 1868 457 1904 Rubeto
487 1874 518 1903 et
553 1869 675 1904 Lancis
716 1873 748 1905 in
777 1871 855 1905 villa
889 1871 1060 1906 Marbeins
1095 1876 1126 1907 et
1161 1883 1266 1918 penes
1300 1882 1373 1905 cam
1410 1871 1559 1908 eiusdem
1597 1872 1831 1907 Olomucensis
1869 1873 2026 1919 dyocesis

148 1933 277 1965 situatis
297 1941 337 1964 ac
366 1930 466 1964 rebus
489 1930 575 1975 alijs‚
605 1942 690 1976 quos
718 1936 749 1966 et
769 1943 851 1978 quas
881 1935 986 1979 ipsum
1008 1933 1214 1980 Propositum
1243 1937 1275 1966 ct
1295 1932 1502 1967 Conuentum
1526 1937 1661 1968 nominc
1690 1934 1808 1981 prefati
1831 1934 2025 1979 Monasterij

149 1991 254 2026 dictus
282 1991 484 2026 Procurator
517 1992 729 2038 possedisse,
764 1998 796 2028 et-
824 1997 873 2028 eis
908 1997 998 2041 ipsos
1028 2007 1046 2029 a
1082 1994 1230 2041 predicta
1260 1994 1391 2028 domina
1427 1995 1588 2042 spoliatos
1626 1995 1729 2030 fuisse
1759 1996 1902 2039 dicebat,
1942 1999 2026 2030 iuter

148 2055 241 2100 ipsos
270 2057 347 2087 tunc
379 2058 544 2088 vertente.
582 2057 614 2088 in
642 2065 705 2088 nos
743 2059 909 2101 tamquam
945 2059 975 2090 in
1007 2056 1160 2099 arbitros,
1197 2055 1425 2100 arliitratores,
1462 2068 1520 2090 seu
1557 2057 1751 2092 amicabiles
1781 2061 2025 2105 compositores

148 2117 224 2149 sine
260 2114 406 2160 qualibet
440 2114 659 2162 prelinicione
688 2119 817 2150 termini
853 2117 1065 2152 concorditer
1097 2120 1405 2164 conpromisissent,
1445 2118 1554 2153 dando
1589 2119 1684 2153 nobis
1719 2122 1750 2153 in
1787 2119 1873 2153 (licta
1909 2131 2024 2161 causa,

147 2175 215 2219 lite,
245 2179 476 2211 controuersia
502 2177 692 2224 simpliciter
720 2182 753 2212 et
775 2177 815 2212 de
835 2178 947 2225 plano,
977 2179 1103 2225 absque
1133 2182 1269 2226 strepitu
1291 2184 1323 2213 et
1351 2179 1458 2225 ligura
1478 2179 1596 2225 Judicij
1628 2184 1772 2227 receptis
1793 2186 1824 2215 et
1844 2180 2025 2227 perauditis

149 2236 322 2272 dumtaxat
349 2237 496 2282 sumbus,
526 2243 558 2273 et
586 2238 845 2285 probacionibus
866 2243 1038 2287 Vtriusque
1067 2244 1180 2288 partis,
1211 2240 1411 2287 quibussibet
1430 2240 1557 2276 feriatis
1587 2247 1619 2276 et
1646 2254 1713 2276 11011
1736 2242 1862 2276 feriatis
1892 2241 2021 2285 diebus,

148 2301 256 2334 eciam
286 2298 432 2345 partibus
461 2299 654 2334 absentibus
683 2305 715 2334 et
744 2312 809 2335 non
840 2305 980 2340 uocatis„
1010 2302 1212 2347 vbicumque
1242 2302 1404 2337 vellemus
1433 2303 1594 2348 sedendo„
1625 2304 1679 2338 vel
1709 2303 1826 2338 stando
1856 2302 2022 2336 laudandi.

149 2359 347 2403 arbitrandi,
384 2362 623 2407 componendi,
660 2362 859 2399 diffiniendi.
903 2368 935 2397 et
970 2376 1089 2410 penam
1133 2364 1239 2398 cidem
1276 2364 1373 2398 laudo
1415 2369 1447 2399 et
1483 2364 1630 2409 arbitrio‚
1675 2377 1732 2399 seu
1771 2367 2022 2411 pimiucizwioni

149 2424 388 2468 pecuniariam,
425 2426 457 2455 et
486 2422 583 2456 aliam
611 2424 789 2469 quamlibet
819 2425 1007 2470 apponendi
1037 2426 1219 2472 plenariam
1249 2430 1459 2472 potestatem,
1495 2430 1724 2474 promittente>⁴
1761 2426 1867 2459 dictus
1897 2437 2025 2472 procu-

148 2486 240 2517 rator
267 2485 402 2517 nomine
431 2494 496 2529 quo
525 2495 638 2530 supra,
667 2489 699 2519 et
727 2488 798 2532 ipsa
829 2486 962 2520 domina
991 2490 1126 2533 proprio
1155 2490 1289 2522 nomine
1317 2491 1349 2522 et
1377 2490 1453 2522 vice
1483 2499 1520 2523 se
1542 2493 1671 2533 gratum
1702 2492 1732 2521 et
1762 2492 1866 2521 ratum
1899 2486 2023 2521 babere

148 2547 181 2578 et
209 2548 324 2578 tenere
354 2544 507 2590 quidquid
537 2556 596 2591 per
623 2557 685 2580 nos
715 2547 921 2593 Prepositum
951 2551 982 2581 et
1012 2548 1191 2583 l'lebanum
1227 2560 1265 2582 ac
1302 2548 1398 2583 nobis
1427 2549 1555 2583 (luobus
1585 2548 1853 2582 discordatitibus⁴
1883 2560 1942 2595 per
1972 2561 2022 2582 me

150 2603 328 2639 Custodem
370 2605 475 2640 solum
511 2610 544 2640 et
583 2609 718 2641 vnicum
753 2608 793 2642 ad
836 2611 998 2655 premissa
1033 2621 1092 2655 per
1134 2612 1224 2656 ipsos
1262 2615 1513 2657 procuratorem
1557 2615 1587 2644 et
1623 2610 1789 2643 dominam
1832 2610 2024 2656 specialiter

149 2668 354 2701 nominatum
383 2671 415 2701 et
443 2672 647 2715 assumptum
684 2671 715 2703 in
743 2669 880 2716 prefatis
909 2681 1034 2715 causa7
1071 2670 1127 2706 lite
1156 2675 1187 2705 01
1216 2675 1448 2708 controuersia
1477 2671 1708 2715 arbitraretur7
1744 2674 2023 2717 pronunciaretur
