2341 3005
1075 142 1147 178 341

170 260 402 296 transferimus
445 265 478 295 et
520 260 794 296 transfundimus.
839 265 871 294 et
900 262 1006 306 ipsam
1043 259 1212 305 Capellam
1243 258 1350 292 eidem
1380 258 1542 304 Hospitali
1573 261 1707 292 vnimus
1737 262 1769 292 et
1798 260 2054 303 incorporamus

171 323 374 365 Statuentes
419 322 616 357 mandantes
653 327 685 357 et
720 321 977 365 Confirmantes,
1020 325 1056 356 vt
1090 323 1201 355 onmia
1243 320 1336 364 dura„
1379 319 1565 354 Libertates
1595 325 1626 354 et
1655 319 1823 358 Dominia,
1860 330 1924 364 que
1953 322 2056 365 ipsius

171 384 307 431 Capelle
336 384 480 427 fucrant,
512 384 552 418 de
581 389 696 418 cetero
726 383 899 430 hospitalis
929 386 993 417 iam
1023 382 1098 417 dicti
1128 382 1320 416 omnimode
1349 386 1561 418 censeamur.
1599 381 1639 415 Et
1668 386 1703 415 vt
1732 385 1843 415 rector
1871 380 2055 427 hospitalis.

170 448 225 492 qui
253 457 343 480 nunc
372 451 433 487 cst,
464 446 518 480 uel
546 449 601 492 qui
629 457 689 492 pro
720 450 871 491 tempore
901 444 1012 488 suerit,
1042 444 1084 479 de
1113 444 1248 491 Capella
1279 446 1350 489 ipsa
1380 447 1412 477 et
1441 443 1537 477 bonis
1567 443 1765 489 disponendi
1799 447 1831 477 et
1868 442 2055 478 ordinandi-

169 507 315 554 plenam7
358 507 498 542 liberam
527 512 560 542 et
588 507 812 541 omnimodam
855 506 978 541 habeat
1011 511 1224 553 potestatem,
1268 506 1451 540 Statuimus
1481 508 1631 551 insuper„
1661 507 1863 550 precipimus
1893 508 1925 538 et
1953 515 2056 537 man-

170 569 300 605 damus.
332 573 367 603 vt
395 572 553 615 prouisor
580 573 613 603 et
640 569 766 603 Rector
794 571 896 615 ipsius
924 568 1107 615 Hospitalis
1136 579 1197 614 per
1224 567 1401 602 honestum
1430 570 1462 600 et
1490 566 1670 601 discretum
1693 566 1928 612 presbiterum,
1958 576 2055 611 quem

173 630 272 666 nohis
303 643 364 665 seu
394 631 604 677 dyocezanQ
649 633 702 676 qui
732 642 792 677 pro
823 635 972 677 tempore
1001 629 1099 664 suerit
1128 633 1328 676 presentare
1357 627 1523 663 tenebitur
1551 631 1582 662 in
1613 627 1700 662 dieta
1730 628 1865 673 Capella
1895 627 1996 661 faciat
2024 630 2055 661 in

170 695 260 727 sacri
296 692 533 727 celebracione
576 691 676 737 oflicii
711 704 864 737 congrue
899 692 1077 734 deseruit-i,
1120 690 1345 726 Presbiterum
1387 694 1497 724 tamen
1527 693 1576 724 sic
1611 693 1838 736 presentatum
1874 688 2056 723 Abbatissa

171 757 277 802 ipsius
306 753 503 799 Monasterij
534 765 680 788 vnaeum
709 759 878 788 conuentu
909 766 982 788 suo.
1013 764 1177 787 reuocare
1206 757 1239 787 et
1268 756 1396 786 mutare
1425 755 1591 798 poterunt,
1629 754 1935 796 quocienseunnpie
1974 753 2056 797 ipsis

173 816 334 863 placuerit
362 826 422 862 pro
452 827 512 850 sue
541 815 633 849 libito
662 816 856 851 voluntatis.
900 814 936 849 In
967 826 1106 861 quorun]
1136 816 1361 849 testimonium
1390 818 1566 860 presentes
1595 813 1722 847 litteras
1752 812 1823 846 lieri
1853 817 1885 846 ct
1913 812 2057 857 Sigillo-

170 889 245 912 rum
272 880 391 921 nostri,
422 889 462 911 ac
490 881 604 911 nostre
634 877 870 912 Olomucensis
898 877 1055 912 Ecclesie
1085 876 1239 923 Capituli„
1270 878 1524 923 procurauinms
1542 878 1722 909 munimine
1745 874 1908 909 roborari.
1934 874 2055 908 Actum

171 943 205 973 et
231 938 355 973 Datum
397 938 507 984 Prage
536 938 573 973 In
602 938 700 973 domo
735 938 956 973 habitacionis
984 943 1110 982 nostre‚
1140 939 1243 972 Anno
1273 937 1396 972 domini
1431 936 1612 972 Millesimo
1643 936 1897 971 Trecentesimo
1934 935 2057 970 Trice-

171 1000 420 1045 stmosecundo,
450 1000 592 1035 Decimo
621 1000 791 1035 Kalendas
822 1000 991 1035 Octobris.

487 1089 575 1125 (Orig.
610 1090 756 1116 membran.
787 1098 845 1116 cum
875 1089 981 1116 duobus
1013 1089 1111 1123 sigillis
1143 1089 1211 1115 bene
1241 1088 1410 1115 conservatis
1441 1088 1467 1115 in
1499 1088 1609 1114 archivo
1643 1088 1765 1123 ejusdem
1797 1087 1954 1121 monasterij
1987 1087 2056 1121 apud

585 1142 613 1169 C.
640 1142 669 1170 R.
695 1142 812 1169 Gubern.
838 1142 931 1169 Bruua·
956 1142 1005 1169 sub
1030 1142 1069 1170 lit.
1095 1142 1125 1169 G.
1152 1151 1177 1169 n.
1208 1141 1269 1177 is.)

1036 1255 1200 1291 CDXLV.

171 1338 296 1373 Hineo.
340 1339 522 1383 episeopus
562 1337 810 1375 Olonmceusa‘s,
854 1338 1035 1381 confirmat
1075 1337 1287 1370 monasterio
1323 1335 1426 1370 Aedoe
1462 1336 1501 1369 S.
1532 1335 1657 1369 Maria?
1691 1335 1853 1368 donatam
1883 1346 1905 1367 a
1933 1335 2055 1378 ‘resse'mt

172 1399 383 1444 ΕΙὶεαρεἰΙια
411 1400 543 1434 domum
577 1403 611 1433 et
641 1399 810 1445 capellam
849 1400 979 1443 reffl‘am
1010 1398 1048 1432 S.
1093 1398 1293 1433 ll'eneeslai
1334 1399 1367 1430 in
1402 1399 1547 1431 eit-itate
1590 1396 1722 1430 Brund.
1765 1396 1895 1430 Datum
1930 1395 2056 1439 l'raffle

826 1460 871 1494 X.
902 1460 1050 1494 Kalend.
1083 1460 1255 1493 octobris.
1290 1459 1398 1493 1332.

346 1529 505 1596 Hyncor
535 1549 588 1583 dei
617 1553 649 1583 et
678 1548 863 1595 apostolice
905 1548 994 1582 sedis
1023 1550 1138 1592 gracia
1170 1547 1405 1582 Olsnnueensis
1434 1547 1635 1594 Episcopusq
1674 1546 1837 1580 Omnibus
1867 1549 1899 1579 in
1929 1557 2056 1591 perpe-

172 1617 273 1655 tuum„
309 1611 364 1646 Ex
400 1610 602 1645 incumbenti
638 1610 734 1645 nobis
769 1610 948 1657 pastoralis
983 1610 1083 1654 ol'licij
1121 1609 1281 1655 dignitate
1315 1612 1482 1644 vniuersis
1524 1609 1739 1653 Religionum
1781 1607 1953 1641 ordinibus
1997 1618 2056 1640 nos

172 1675 451 1719 recognoscimus
495 1672 672 1718 obligatos
716 1672 779 1706 illis
821 1676 932 1706 tamen
968 1671 1151 1716 Religiosis
1187 1674 1353 1717 pers-onis,
1397 1682 1461 1716 que
1491 1673 1612 1717 spretis
1642 1670 1737 1704 liuius
1767 1669 1870 1704 seculi
1902 1668 2057 1702 obleeta-

171 1734 326 1770 cionibus
355 1739 454 1780 atque
483 1737 613 1781 pompis
642 1736 842 1780 semetipsas
871 1737 1060 1779 spontanee
1090 1732 1301 1778 abnegantes
1331 1736 1362 1767 in
1392 1732 1572 1766 humilitate
1588 1732 1702 1767 sedula
1721 1736 1879 1766 secuntur
1895 1742 2055 1777 sponsum

171 1807 270 1832 suum
311 1796 480 1830 dominum
508 1795 624 1830 Jesum
655 1795 820 1829 Christum
852 1797 961 1840 magis
991 1806 1052 1829 nos
1081 1799 1273 1841 reputamus
1302 1794 1482 1838 obnoxios,
1517 1799 1554 1828 vt
1582 1796 1631 1828 eis
1661 1796 1692 1827 in
1723 1796 1868 1840 ipsarum
1898 1795 2056 1826 necessi-

171 1858 292 1894 tatibus
334 1862 431 1905 prout
473 1857 569 1892 uobis
608 1862 658 1891 est
700 1857 859 1903 possibile
903 1868 1134 1900 succuramus‚
1179 1856 1242 1890 boc
1276 1855 1372 1890 nobis
1407 1855 1645 1891 Ecclesiastiea
1690 1855 1823 1889 mandat
1858 1857 2054 1888 auctoritas.

171 1923 264 1955 racio
299 1931 362 1954 nos
399 1923 541 1963 instruit,
579 1923 611 1953 et
646 1924 840 1953 sanctorum
875 1918 1009 1952 Patrum
1052 1922 1198 1952 statmmt
1234 1920 1447 1961 sanwiones„
1490 1917 1576 1951 llinc
1610 1921 1660 1951 est
1693 1916 1782 1962 quod
1811 1928 1885 1950 cnm
1915 1915 2055 1950 Illustris

172 1982 318 2019 domina
348 1981 492 2015 Domina
522 1980 708 2027 Elyzabetli
740 1980 870 2025 Regina
901 1980 977 2014 dine
1006 1979 1258 2013 recordacionis
1289 1979 1455 2024 qnondam
1499 1978 1623 2013 domini
1658 1978 1857 2012 VVenceslai
1894 1977 2055 2011 Bolieniie

172 2049 205 2079 et
233 2043 371 2078 Polonie
406 2043 511 2088 Regis
548 2042 688 2078 Relicta.
728 2042 860 2075 domum
891 2046 923 2075 et
952 2041 1121 2087 Capellam
1158 2041 1300 2084 Regiam
1336 2040 1450 2075 Sancti
1479 2040 1678 2075 XVenzeslai
1709 2043 1740 2074 in
1771 2040 1911 2075 Ciuitate
1942 2039 2055 2072 Brun-

173 2108 271 2140 nensi
313 2108 421 2149 sitam,
466 2115 563 2150 qnam
600 2116 644 2138 ex
683 2103 872 2138 donaeione
906 2103 1121 2137 Serenissimi
1156 2103 1278 2136 domini
1309 2105 1425 2145 nosti-i,
1469 2102 1591 2136 domini
1626 2101 1791 2136 Joliannis
1832 2100 1993 2135 Boliemie
2024 2105 2054 2133 et

173 2167 310 2202 Polonie
345 2166 470 2212 Regis,
515 2178 553 2200 ac
597 2165 733 2200 Comitis
776 2164 1071 2206 Lucenbnrgensis
1115 2164 1294 2207 habuerat,
1338 2164 1546 2199 Monasterio
1588 2164 1677 2198 Aule
1713 2163 1838 2198 Sancte
1880 2162 1985 2195 Mai-ie
2022 2165 2053 2195 in

173 2228 342 2264 Suburbio
373 2227 524 2263 Ciuitatis
554 2228 690 2262 Brunne
719 2229 794 2261 sito.
827 2227 928 2261 Citius
957 2226 1154 2270 Monasterij
1186 2225 1324 2272 predicti
1355 2226 1429 2260 Rex
1459 2231 1491 2260 et
1520 2226 1654 2271 Regina
1686 2225 1878 2259 fundatores
1908 2226 2051 2257 existunt

172 2294 204 2325 in
234 2301 381 2338 persona
423 2289 606 2324 Abbatisse
649 2289 833 2323 donauerit.
872 2292 903 2321 et
937 2290 1040 2334 ipsam
1077 2287 1246 2333 Capellam
1289 2298 1364 2321 enm
1407 2287 1560 2323 omnibus
1595 2287 1743 2324 dui-itum
1779 2285 1985 2320 libertatibus
2015 2298 2053 2318 ac

173 2355 263 2387 omni
298 2351 445 2385 dominio
482 2354 513 2385 in
549 2351 766 2385 Abbatissam
806 2354 837 2384 et
875 2349 1084 2383 Conuentum
1129 2349 1330 2383 transtulerit
1368 2349 1467 2395 pleno
1502 2352 1585 2393 iure,
1630 2349 1784 2383 l‘etentes
1815 2350 1987 2381 instanter.
2021 2351 2053 2380 vt

174 2417 280 2460 ipsam
323 2412 546 2447 donacionem
580 2418 685 2447 ratam
718 2400 849 2446 'habere
879 2416 909 2445 et
938 2411 1080 2445 eandem
1111 2410 1280 2457 Capellam
1311 2410 1468 2445 Custodie
1497 2411 1634 2457 predicti
1665 2409 1860 2453 Monasterij
1893 2412 2054 2454 incorpo—

173 2486 262 2519 rare,
293 2477 502 2508 auctorizare
532 2479 563 2508 et
592 2475 802 2509 confirmare.
836 2477 926 2520 prout
959 2473 998 2507 ad
1030 2478 1176 2507 nostrum
1213 2477 1341 2519 spectat
1370 2472 1514 2507 oslicium
1550 2473 1776 2513 dignaremur
1817 2470 1886 2504 Nos
1921 2481 2052 2515 quoqne

173 2548 274 2583 super
310 2535 373 2581 llijS
407 2536 556 2581 dilig-enti
592 2541 624 2570 et
663 2541 789 2570 matura
834 2535 1082 2569 delilieraeione
1126 2534 1315 2581 preliabita,
1356 2534 1608 2568 Honorabiliinn
1655 2536 1799 2566 virorum
1843 2531 2051 2565 dominorum

172 2598 354 2632 Jenczonis
388 2597 519 2641 decani⁷
563 2597 727 2632 Sboronis
770 2600 939 2644 prepositi.
984 2596 1122 2630 Andree
1161 2595 1412 2639 Arcbidiaconn
1451 2596 1643 2641 'l'oeinsipw
1673 2598 1786 2629 nostre
1818 2593 2052 2627 Olonineensis

174 2659 327 2694 Ecclesie
370 2658 511 2705 Capituli
554 2660 694 2694 consilio
730 2664 761 2693 et
798 2670 961 2706 expresso
1000 2669 1183 2701 consensu,
1220 2657 1258 2691 ad
1296 2657 1456 2692 bonorem
1493 2661 1523 2691 et
1567 2656 1695 2689 laudeni
1740 2655 1891 2689 altissimi
1926 2666 2052 2700 sueque
