2325 2941
1219 125 1293 160 340

327 242 566 284 transferimus,
597 245 629 274 et
661 239 932 284 transfundimus,
965 244 997 273 et
1038 239 1146 273 eidem
1179 238 1386 274 Monasterio
1415 238 1585 285 Capellam
1613 242 1718 286 ipsam
1752 244 1857 275 sancti
1885 241 2036 288 Procopij
2080 241 2188 276 coad-

326 314 477 337 unamus.
520 304 652 335 vnimus
695 305 727 335 et
762 304 1028 347 incorporamus,
1059 300 1262 343 statuentes,
1291 299 1487 334 mandantes
1528 305 1561 334 et
1601 300 1855 341 confirmantes,
1889 306 1925 336 vt
1957 305 2067 337 omnia
2103 305 2187 345 iura,

327 363 494 397 libertates
530 366 562 396 et
594 362 738 396 dominia
779 374 843 407 que
885 364 987 408 ipsius
1030 361 1164 407 Capelle
1193 360 1324 394 fuerant
1352 360 1392 394 de
1421 366 1534 395 cetero
1564 361 1723 407 sepedicti
1751 361 1945 407 Monasterij
1975 368 2187 399 censeantur.

326 424 365 458 Et
394 428 427 457 vt
457 423 624 457 abbatissa
667 434 730 469 que
772 434 860 456 nunc
889 427 939 456 est
966 422 1021 457 vel
1050 433 1109 468 pro
1139 426 1287 468 tempore
1316 421 1414 455 suerit
1454 433 1521 456 vna
1551 434 1623 456 cum
1660 421 1834 456 Conuentu
1869 433 1942 466 suc,
1985 423 2025 457 de
2054 424 2187 470 Capella

327 488 396 531 ipsa
426 489 457 518 et
488 484 593 518 bonis.
637 487 721 518 sicut
750 484 790 517 de
817 484 953 529 reliquis
983 483 1078 517 bonis
1106 482 1299 527 Monasterij
1331 482 1527 529 disponendi
1556 487 1589 517 et
1616 483 1790 517 ordinandi
1831 483 1964 529 plenam
1992 483 2129 519 liberam
2157 490 2190 519 et

326 545 547 579 omnimodam
590 544 733 579 habeant
768 549 978 591 potestateiiu
1015 543 1196 578 Statuimus
1240 548 1361 586 tamen,
1403 546 1604 590 precipimus
1633 549 1666 578 et
1702 544 1910 588 mandamus,
1952 549 1989 580 vt
2022 544 2188 580 abbatissa

326 618 389 651 que
424 617 511 640 nunc
541 611 602 649 est„
646 606 700 640 vel
729 617 792 651 que
821 616 881 652 pro
917 610 1065 652 tempore
1100 605 1209 648 fuerit,
1252 604 1515 651 perhonestum
1544 610 1576 639 et
1604 605 1780 639 discretum
1815 605 2050 650 Presbiterum,
2093 617 2189 651 quem

326 667 433 707 nobisi
464 678 525 702 sev
554 667 760 713 dyocesano.
791 669 844 711 qui
873 678 933 713 pro
962 671 1111 712 tempore
1140 666 1249 709 fuerit3
1279 671 1476 712 presentare
1504 666 1681 710 tenebitur„
1711 666 1813 700 faciat
1834 669 1964 701 statutis
1987 667 2190 714 temporibus

326 731 356 762 in
387 728 506 763 diuinis
537 739 687 773 congrue
716 727 835 772 officijs
865 727 1040 770 deserturi,
1070 727 1292 762 Presbiterum
1322 732 1431 761 tamen
1470 731 1696 773 presentatum
1726 727 1907 762 Abbatissa
1936 730 2039 774 ipsius
2066 727 2191 762 Mona-

325 791 415 834 sterij
453 801 598 823 vnacum
636 788 809 823 Conuentu
846 800 918 833 suo,
961 800 1124 823 reuocare
1153 793 1185 822 et
1214 793 1341 822 mutare
1369 792 1535 835 poterunt„
1571 791 1875 834 quocienscumque
1910 791 1991 835 ipsis
2018 789 2190 835 placuerit„

325 862 385 896 pro
428 862 488 885 sue
517 850 607 884 libito
635 850 829 884 voluntatis.
867 850 903 884 In
933 860 1071 895 quorum
1101 853 1322 885 testimonium
1352 854 1524 895 presentes
1554 849 1666 884 literas
1694 849 1776 893 fieri,
1813 862 1852 883 ac
1885 853 1989 884 nostri
2018 855 2050 884 et
2077 855 2192 885 nostre

327 910 559 945 Olomucensis
587 911 741 945 Ecclesie
771 910 911 957 Capituli
941 911 1135 956 Sigillorum
1162 914 1416 957 procurauimus
1445 913 1625 945 munimine
1653 910 1817 945 roborari.
1861 911 1982 945 Actum
2017 915 2050 945 et
2082 911 2191 946 datum

326 972 436 1017 Prage
465 976 496 1006 in
527 972 624 1006 domo
653 972 872 1006 habitacionis
901 977 1027 1015 nostre„
1056 972 1159 1007 Anno
1188 972 1311 1006 domini
1343 975 1447 1007 nostri
1481 971 1656 1007 Millesimo
1693 972 1946 1006 Trecentesimo
1982 972 2192 1007 Tricesimo-

327 1034 485 1068 secundo.
517 1033 723 1067 Duodecimo
752 1033 920 1068 Kalendas
951 1032 1117 1068 Octobris.

631 1121 719 1156 (Orig.
754 1122 899 1148 membran.
931 1130 989 1149 cum
1019 1122 1124 1149 duobus
1154 1122 1253 1156 sigillis
1282 1122 1351 1149 bene
1385 1122 1555 1149 conservatis
1585 1121 1610 1148 in
1639 1121 1749 1148 archivo
1781 1122 1902 1157 ejusdem
1936 1121 2092 1149 monasterii
2123 1122 2192 1157 apud

728 1174 756 1201 C.
783 1174 811 1201 n.
838 1175 954 1201 Gubern.
982 1174 1073 1201 Brnnze
1097 1175 1146 1201 sub
1172 1175 1209 1202 lit.
1236 1174 1266 1202 G.
1292 1184 1317 1202 n.
1348 1173 1410 1207 10.)

1169 1287 1346 1322 CDXLIV.

327 1366 450 1400 Hineo.
481 1368 662 1411 episeopus
693 1367 938 1411 0l01mwen.s-2·s‚
969 1369 1148 1412 confirmat
1177 1369 1386 1401 monasterio
1416 1367 1518 1401 Anae
1542 1367 1581 1401 S.
1607 1368 1729 1402 Μανίας
1749 1370 2020 1412 Juspatronatus
2049 1367 2194 1412 capellae

664 1430 697 1461 in
726 1429 922 1473 ,δ’μὶσίύειῃ.
960 1429 1089 1463 Datum
1118 1429 1244 1474 Pmyoe
1272 1428 1318 1463 X.
1348 1429 1496 1462 Kalend.
1529 1428 1700 1463 Octobris.
1733 1428 1844 1463 1332.

498 1494 642 1562 'lyrico
678 1516 728 1550 dei
762 1521 795 1550 et
823 1517 1006 1563 apostolice
1035 1517 1125 1551 sedis
1154 1519 1268 1561 gracia
1306 1516 1540 1551 Oloniucensis
1574 1516 1773 1563 Episcopus,
1810 1515 1973 1551 Omnibus
2006 1519 2039 1551 in
2068 1527 2196 1563 perpe-

326 1582 426 1614 tuum„
457 1576 544 1611 Loca
575 1577 686 1611 diuino
715 1578 816 1612 cultui
844 1581 1030 1624 mancipata
1060 1590 1104 1612 ex
1133 1581 1281 1612 iniuncto
1309 1578 1406 1613 nobis
1430 1577 1542 1612 officio
1562 1583 1790 1622 manutenere,
1813 1577 1930 1612 fouere
1945 1582 1978 1612 et
1992 1577 2194 1612 coadiuuare

327 1643 489 1674 tenemur.
520 1638 568 1672 Ea
598 1641 768 1685 precipue,
812 1639 928 1685 quibus
963 1639 1107 1684 benigna
1142 1639 1347 1686 hospitalitas
1380 1644 1413 1673 et
1441 1639 1503 1673 alia
1540 1639 1730 1686 multiplicia
1759 1638 1910 1674 karitatis
1938 1650 2042 1686 opera
2070 1639 2194 1674 suffra-

326 1704 446 1737 gantur
476 1699 510 1733 In
541 1699 603 1744 hijs
632 1712 775 1746 namque
803 1704 918 1745 gracia
949 1701 1125 1735 saluatoris
1153 1703 1256 1735 nostri
1284 1703 1386 1735 rectis
1415 1700 1517 1735 corde
1552 1701 1702 1747 plenarie
1735 1700 1954 1744 condonatur,
1996 1699 2080 1734 Inibi
2114 1699 2193 1734 feli-

326 1763 458 1794 cissima
489 1761 540 1795 dei
570 1764 717 1803 genitrix
746 1773 820 1796 cum
850 1763 1045 1807 angelorum
1076 1762 1263 1807 agminibus
1293 1762 1373 1796 dant
1400 1773 1497 1808 opem
1527 1765 1612 1797 iuste
1641 1761 1843 1809 petentibus,
1874 1761 1942 1796 Illic
1970 1760 2193 1808 apostolorum

327 1821 445 1860 gloria.
476 1825 615 1855 victoria
646 1826 826 1857 martirum.
857 1834 982 1857 corona
1013 1823 1253 1858 Confessorum
1282 1828 1315 1857 et
1342 1823 1501 1869 suffragia
1523 1823 1776 1866 Monac-horum,
1798 1826 2003 1868 castitasque
2018 1821 2192 1867 virginalis

327 1886 455 1915 eunctis
491 1886 542 1929 pie
577 1884 763 1929 petentibus
800 1885 954 1918 relaxant
988 1885 1106 1919 delicta
1143 1896 1202 1931 per
1243 1896 1373 1928 ewum„
1415 1884 1603 1931 Eapropter
1648 1895 1722 1918 cum
1759 1884 2001 1919 Serenissimus
2042 1882 2193 1917 dominus

328 1948 452 1985 noster„
484 1944 634 1979 dominus
663 1945 835 1981 ,lohannes
866 1946 1024 1980 Bohemie
1053 1951 1086 1980 et
1120 1946 1256 1980 l'olonie
1298 1946 1385 1989 Rex3
1429 1957 1469 1980 ac
1504 1945 1810 1990 Luceinlnirgensis
1846 1944 1967 1978 Comes
2008 1943 2050 1977 ob
2092 1946 2192 1990 pinni7

327 2016 425 2049 quem
467 2005 507 2038 ad
549 2005 790 2040 Monasterium
834 2007 920 2041 Aule
963 2008 1089 2041 Sancte
1125 2007 1230 2041 lilarie
1272 2010 1303 2041 in
1338 2006 1505 2041 Suburbio
1535 2007 1683 2040 Ciuitatis
1716 2006 1851 2040 Brunne
1885 2007 1972 2050 gerit
1999 2004 2193 2039 deuocionis

328 2066 493 2109 all'ectunu
536 2071 569 2100 et
603 2066 731 2101 deuotis
767 2068 920 2114 precibus
956 2068 1067 2103 fratris
1101 2068 1245 2102 Conradi
1276 2068 1487 2103 Conl'cssoris
1518 2071 1618 2114 ipsius
1646 2067 1840 2110 Monasterij
1876 2069 2064 2109 graciosius
2092 2066 2194 2100 incli-

328 2131 424 2161 natus
455 2126 622 2173 Capellam
653 2128 759 2163 Casti-i
789 2133 837 2164 sui
868 2129 1042 2176 Spilbereh
1072 2141 1145 2163 cum
1175 2130 1329 2164 omnibus
1359 2134 1391 2164 et
1423 2130 1561 2174 singulis
1604 2128 1796 2164 Vtilitatibus
1834 2131 1865 2161 ct
1901 2120 2116 2172 prouentibus
2152 2126 2192 2161 ad

329 2188 489 2234 hospitale
522 2191 625 2234 ipsius
666 2189 859 2235 lilonasterij
904 2191 944 2225 de
973 2203 1060 2225 nouo
1090 2191 1274 2233 sundannn„
1318 2195 1353 2226 vt
1381 2202 1547 2237 pauperes
1576 2202 1634 2225 sen
1664 2189 1779 2222 infirmi
1810 2191 1840 2221 in
1870 2200 1910 2222 eo
1939 2188 2103 2233 degentes
2132 2199 2194 2223 su-

328 2252 537 2283 steiitaeioiie
570 2251 754 2296 corporalis
790 2252 945 2285 alimonie
975 2264 1015 2286 eo
1044 2255 1213 2298 copiosius
1242 2252 1378 2287 valcant
1412 2255 1570 2295 recreari,
1613 2249 1740 2284 dederit
1768 2254 1799 2283 et
1828 2249 2000 2284 donaucrit
2032 2253 2193 2296 perpetuo

329 2311 425 2356 pleno
458 2311 556 2351 dni-e„
594 2311 717 2345 Petens
756 2311 936 2355 lumiliter,
979 2318 1014 2347 vt
1050 2316 1153 2359 ipsam
1197 2314 1416 2347 donacionem
1460 2313 1626 2347 ratilicare
1661 2315 1692 2344 et
1734 2310 1932 2345 confirmare
1967 2310 2195 2345 fauorabiliter

329 2373 555 2413 dignaremur:
586 2373 655 2407 Nos
684 2384 814 2418 (pioque
843 2374 1017 2408 sul'lieienti
1047 2379 1079 2408 et
1108 2379 1236 2409 maturo
1266 2379 1404 2409 tractatu
1434 2373 1617 2421 prehabito.
1654 2371 1895 2405 honorabilium
1924 2375 2086 2416 virorum,
2128 2371 2194 2405 do-

329 2436 489 2467 minorum
519 2434 700 2468 Jenczonis
736 2434 866 2468 decani.
910 2434 1073 2468 Sboronis
1103 2439 1273 2482 prepositiq
1310 2436 1448 2469 Andrec
1475 2433 1724 2468 Archidiaeoni.
1762 2436 1933 2479 tociusque
1962 2437 2078 2467 nosti-e
2107 2432 2194 2467 Olo-

330 2497 496 2528 niueensis
539 2495 690 2529 lice-lesio
733 2495 871 2541 Capituli
908 2496 1099 2530 attendente
1134 2497 1274 2531 consilio
1310 2501 1341 2530 et
1382 2505 1548 2530 consensu
1585 2494 1623 2527 ad
1667 2494 1810 2528 Laudem
1854 2499 1883 2528 et
1917 2494 2058 2539 gloriam
2093 2493 2192 2528 diuini

330 2558 482 2593 nominis„
513 2560 545 2588 et
575 2556 616 2589 ob
646 2559 874 2590 reuereneiam
906 2556 1123 2591 Sanctissime
1153 2558 1203 2592 dei
1234 2560 1406 2603 genitricis
1441 2558 1580 2596 virginis
1613 2555 1714 2589 Marie
1749 2555 1932 2599 l'redietam
1963 2555 2131 2602 Capellam
2162 2557 2193 2588 in

331 2615 502 2660 Spilbereh
533 2628 606 2649 enm
636 2617 913 2663 Jurepatronatns
943 2622 974 2651 et
1004 2621 1091 2651 omni
1122 2619 1185 2653 alio
1213 2618 1306 2662 Jure,
1336 2619 1536 2664 proprietate
1565 2621 1595 2650 et
1627 2617 1787 2654 dommim
1831 2620 1862 2650 in
1897 2620 2001 2663 ipsum
2031 2615 2193 2662 hospitale
