2325 2941
1198 119 1272 155 264

301 239 469 273 libertates
498 238 538 271 de
560 235 790 271 munificencia
810 235 949 281 Regalis
969 235 1153 269 clemencie
1181 235 1342 281 ampliare
1361 235 1527 279 volentes„
1558 235 1673 270 damus
1703 240 1735 269 et
1754 236 1969 271 concedimus
1989 236 2171 271 Abbatisse

300 305 332 335 et
361 301 544 334 Conuentui
571 297 766 342 Monasterij
796 297 935 344 predicti
972 296 1032 331 has
1065 299 1199 341 gracias
1235 300 1397 342 perpetuo
1433 296 1617 331 duraturas.
1663 295 1760 338 Quod
1788 297 2066 343 quandocumque
2094 308 2170 341 nOS,

300 361 451 402 heredesq
482 362 553 393 siue
573 370 789 393 successores
811 363 955 401 nostros,
986 358 1099 403 Reges
1120 357 1259 392 Boemie
1288 362 1320 391 et
1340 357 1554 393 Marchiones
1582 357 1735 392 Morauie
1756 357 1902 392 Bernam
1931 361 2002 393 siue
2025 364 2171 394 steuram

299 425 330 456 in
359 427 445 455 terra
474 420 626 455 Morauie
655 423 808 466 recipere
837 423 995 465 configet„
1026 423 1149 453 extunc
1177 418 1359 453 Abbatissa
1388 423 1422 452 et
1444 418 1635 453 Conuentus
1664 418 1803 465 predicti
1825 418 2020 464 Monasterij
2051 420 2170 455 Stilum

298 483 408 516 Berne
436 485 509 516 siue
538 481 709 516 Notariam
746 492 935 528 supremam
964 480 1091 523 Berne7
1125 480 1333 515 Brunnensis
1361 483 1535 526 prouincIe
1571 480 1651 514 dare
1679 485 1711 514 et
1739 480 1896 514 conferre
1925 480 2088 525 habeant,
2118 484 2171 516 cui

297 544 399 578 velint
421 544 473 577 tali
495 548 604 577 tamen
626 554 784 589 persone,
814 553 878 588 que
907 542 947 575 ad
968 541 1171 575 reddendam
1200 545 1371 576 racionem
1391 541 1533 576 sufficiat
1560 542 1647 576 dicte
1666 541 1789 583 Berne„
1818 541 1859 576 Et
1880 542 1967 587 quod
1987 542 2170 577 Abbatissa

297 609 329 638 et
358 604 549 639 Conuentus
578 604 771 648 Monasterij
802 603 953 649 prelibati
982 605 1089 636 eciam
1118 602 1262 636 habeant
1290 603 1370 637 dare
1399 607 1431 637 et
1459 602 1615 637 conferre
1644 606 1808 637 notariam
1837 602 1921 637 zude
1950 603 2168 648 ssrunnensis‚

298 669 353 711 qui
381 669 529 700 notarius
568 665 696 700 tabulas
738 670 826 699 terre
861 664 983 698 habeat
1023 667 1112 698 omni
1140 664 1221 698 Jure
1259 669 1292 698 et
1331 664 1469 698 utilitate
1498 676 1562 710 quo
1593 664 1633 698 ab
1677 667 1811 710 antiqno
1848 669 1936 698 terre
1978 667 2050 699 siue
2078 664 2170 700 Zude

296 729 417 772 notarij
455 732 703 761 consueuerant
738 726 863 761 habere
896 729 1049 772 personis
1089 730 1200 759 tamen
1236 725 1379 772 ydoneis
1418 725 1537 771 quibus
1573 726 1693 767 velint„
1732 726 1774 760 Et
1809 725 2000 771 Vbicunque
2034 725 2170 760 Moneta

296 791 369 823 siue
397 788 538 832 vrbora,
575 791 607 822 in
644 793 709 822 toto
738 787 969 821 lllarchionatu
998 786 1149 821 Morauie
1180 799 1267 821 nunc
1305 792 1355 822 est
1384 790 1455 822 siue
1490 790 1522 821 in
1558 792 1728 833 posterum
1758 792 1920 821 statuetur
1954 787 2109 822 volumus
2138 792 2170 821 et

294 850 522 885 concedimus
552 854 587 884 vt
607 849 788 883 Abbatissa
818 853 850 883 et
880 848 1072 883 Conuentus
1092 848 1287 893 Monasterij
1319 848 1479 895 sepedicti
1509 848 1589 882 dare
1611 853 1643 882 et
1671 848 1827 882 conferre
1850 848 1996 883 habeant
2024 848 2169 883 officium

294 914 560 945 examinacionis
590 914 662 945 siue
696 913 936 945 examinatoris
974 913 1007 944 in
1035 910 1159 945 vrbora
1189 915 1221 944 et
1248 910 1402 953 Moneta7
1446 912 1536 944 omni
1564 910 1645 944 Jure
1681 914 1713 944 et
1740 910 1952 954 vtilitatilms,
1989 910 2107 955 quibus
2136 913 2168 944 in

293 972 437 1006 Monetis
466 977 516 1007 est
544 977 739 1006 consuetum
769 975 1036 1007 examinacionis
1071 975 1142 1007 siue
1173 974 1414 1006 examinatoris
1445 971 1591 1005 officium
1627 976 1845 1018 pertractare.
1888 971 2030 1018 Insuper
2058 974 2170 1006 omnia

292 1033 385 1077 Jura,
415 1037 561 1079 gracias,
591 1034 771 1071 libertates
802 1037 1024 1068 immunitates
1061 1038 1094 1067 et
1121 1036 1362 1079 exempciones
1391 1033 1632 1077 racionabiles,
1667 1044 1749 1078 quas
1783 1033 1868 1067 dicta
1899 1032 2033 1079 Capella
2064 1036 2169 1068 sancti

292 1094 443 1141 Procopii
475 1095 515 1129 ab
546 1098 679 1141 antiquo
709 1095 832 1137 habuit„
862 1100 895 1129 et
922 1107 974 1133 ean
1005 1107 1069 1141 que
1097 1094 1346 1129 racionabiliter
1374 1088 1599 1129 demonstrari
1625 1097 1780 1141 poterint„
1811 1094 2035 1141 approbamus
2065 1097 2170 1129 inno-

294 1168 422 1200 uamus,
452 1161 484 1191 et
503 1157 750 1194 confirmamus
782 1161 814 1191 ct
833 1168 877 1191 ex
897 1161 988 1191 certa
1010 1161 1123 1191 nostra
1144 1159 1290 1191 sciencia
1312 1159 1484 1203 perpetuis
1506 1155 1711 1202 temporibus
1732 1155 1928 1201 stabilimus7
1958 1155 2170 1202 presentibus

293 1223 452 1263 perpetuo
480 1218 640 1252 valituris.
679 1218 715 1252 ln
744 1221 837 1253 cuius
873 1221 921 1252 rei
952 1221 1176 1253 testimouium
1205 1222 1237 1252 et
1270 1217 1373 1252 robur
1400 1222 1597 1264 perpetuum
1634 1222 1808 1264 presentes
1838 1217 1908 1251 fieri
1943 1217 2110 1252 volumius
2139 1222 2171 1251 et

292 1282 395 1313 nostri
432 1282 568 1314 maioris
598 1279 703 1325 Sigilli
737 1283 918 1314 munimine
954 1283 1112 1314 iussimus
1141 1283 1322 1322 comuniri7
1359 1279 1482 1314 Actum
1518 1284 1551 1314 et
1578 1279 1700 1313 Datum
1728 1279 1864 1314 Brunne
1894 1278 1968 1313 1110.
2000 1278 2169 1313 Kalendas

249 1362 251 1365 v
291 1339 381 1385 Maij.
411 1340 512 1375 Anno
542 1341 675 1375 Domini
703 1341 879 1377 Millesimo
909 1341 1175 1385 'Fi-eeeinesimo,
1206 1344 1368 1376 vicesimo
1399 1340 1561 1387 Septimo„

604 1429 691 1464 (Orig.
717 1431 862 1457 membran.
889 1439 946 1457 cum
971 1430 1064 1465 sigillo
1096 1430 1189 1464 majori
1215 1439 1247 1456 ex
1273 1433 1349 1465 parte
1373 1430 1439 1457 la>so
1463 1430 1489 1456 in
1515 1429 1625 1456 archivo
1651 1429 1771 1465 ejusdem
1797 1429 1954 1456 monasterii
1981 1429 2052 1465 apud
2079 1429 2108 1457 C.
2138 1429 2168 1456 R.

709 1481 827 1510 Gubern.
854 1483 946 1509 l3runa=
971 1484 1020 1509 sub
1047 1483 1084 1510 lit.
1111 1484 1140 1510 G.
1167 1492 1192 1510 n.
1222 1483 1285 1513 13⁴>

1090 1596 1366 1632 cccxxxviii.

291 1674 479 1713 ,ΙωΙιιιηηρεἡ
510 1687 576 1709 rea·
600 1676 782 1720 Boleemiae,
813 1677 917 1710 (lunai
945 1678 1156 1711 nnmasterJo
1184 1677 1288 1711 Aulw
1308 1677 1346 1711 S.
1371 1677 1495 1711 Marica
1524 1678 1556 1711 in
1578 1676 1735 1722 Anliqua
1756 1676 1877 1710 Brama
1896 1679 2167 1722 Juspalmnalus

677 1738 835 1772 ees-lesan
863 1740 895 1772 in
926 1739 1061 1773 liv-alic.
1092 1738 1220 1773 Datum
1249 1739 1378 1773 Brume
1408 1739 1528 1773 Nonas
1556 1739 1646 1784 Masi
1674 1738 1786 1772 1327.

462 1814 552 1868 lxos
580 1834 754 1869 Johannes
784 1835 835 1869 dei
864 1838 981 1880 gracia
1010 1835 1173 1870 Bohcmic
1208 1840 1240 1870 et
1268 1835 1404 1870 Polonic
1433 1836 1509 1870 Rex
1546 1848 1585 1870 ac
1614 1835 1919 1881 Lucemburgensis
1949 1834 2087 1877 Comes,
2124 1834 2164 1868 ad

290 1897 524 1929 vniuersorum
560 1899 716 1930 noticiam
760 1901 825 1930 tam
860 1900 1072 1943 presencium
1114 1908 1211 1943 quam
1246 1896 1429 1931 futurorum
1472 1889 1625 1932 {vlumus
1661 1901 1856 1943 peruenire„
1893 1895 1979 1942 quod
2015 1895 2086 1930 Nos
2124 1896 2164 1929 ad

291 1955 443 1989 deuotam
473 1961 505 1990 ct
532 1957 710 2001 benignam
735 1959 1019 2004 supplicacionem
1048 1959 1185 1993 Illustris
1206 1958 1351 2001 domine,
1382 1959 1516 1993 domine
1536 1958 1721 2002 Elizabetln
1752 1959 1884 2004 Regine
1906 1957 2013 1991 felicis
2042 1968 2165 1992 recor-

290 2017 442 2051 dacionis
485 2018 605 2051 domini
641 2019 841 2053 W'encezlai
871 2020 1009 2054 Boemie
1045 2025 1077 2055 et
1110 2020 1248 2054 Polonie
1283 2021 1359 2054 olim
1389 2021 1512 2066 Regis„
1550 2020 1670 2055 Soceri
1706 2025 1739 2055 et
1780 2019 2031 2066 predecessoris
2061 2022 2164 2053 nostri

289 2078 417 2112 Relicte
459 2078 663 2125 affectusque
698 2084 943 2116 sinceritatenh
987 2093 1083 2127 quem
1121 2082 1161 2116 ad
1196 2081 1436 2117 Monasterium
1473 2082 1667 2116 Monialium
1703 2082 1790 2116 Aule
1826 2080 1949 2115 Sancte
1982 2080 2088 2114 Marie
2131 2083 2163 2115 in

289 2139 435 2186 Antiqua
460 2140 593 2174 Brunna
618 2142 862 2187 Gystcrctensts
885 2143 1022 2186 ordinis,
1054 2143 1286 2178 Olomucensis
1306 2143 1465 2189 dyocesis
1481 2147 1629 2189 gerimus
1650 2148 1682 2177 et
1710 2142 1834 2176 habere
1855 2153 1989 2188 semper
2010 2142 2164 2177 volumus

288 2212 348 2246 pei·
377 2201 529 2235 effectum
558 2203 736 2237 ostendere
758 2208 931 2250 cupientes
960 2208 1054 2239 cuius
1084 2216 1157 2239 cum
1188 2209 1259 2251 ipsa
1290 2205 1422 2239 domina
1444 2206 1576 2250 Regina
1606 2204 1799 2238 fundatores
1823 2215 1949 2244 sumus„
1979 2208 2012 2237 ct
2032 2206 2165 2239 censeri

291 2263 442 2296 volumus
472 2263 512 2297 de
546 2263 777 2298 munificencia
807 2266 931 2305 regalis
965 2267 1141 2301 clementie
1171 2267 1273 2301 libera
1308 2271 1341 2301 et
1369 2272 1554 2313 spontanea
1583 2266 1769 2301 voluntate.
1805 2265 1845 2299 (le
1880 2267 1997 2310 gracia
2026 2265 2163 2311 speciali

288 2323 404 2358 (lamus
447 2329 480 2358 et
520 2324 724 2359 conferunus
768 2326 948 2361 Abbatisse
991 2332 1022 2361 et
1066 2327 1253 2362 Conuentui
1298 2328 1493 2373 Monasterij
1536 2329 1709 2361 memorati
1753 2338 1852 2361 omne
1893 2326 2162 2373 Juspatronatus,

288 2385 502 2420 Collacionis.
533 2389 604 2420 siue
625 2386 685 2420 Jus
713 2389 938 2432 presentandi.
969 2389 1054 2434 quod
1081 2390 1188 2426 nobis.
1220 2389 1397 2424 heredibus
1426 2393 1498 2424 siue
1521 2387 1773 2423 successmibus
1800 2391 1923 2423 nostris
1952 2391 1985 2422 in
2008 2388 2163 2423 Ecclesia

288 2447 488 2491 parrochiali
519 2451 548 2481 in
581 2448 726 2485 Cralicz.
761 2451 832 2482 siue
861 2452 901 2483 sit
934 2451 1150 2495 parrochialis
1179 2451 1346 2495 Ecclesia⁷
1380 2454 1452 2485 siue
1481 2450 1705 2484 Canonicatus
1739 2453 1771 2483 et
1803 2449 1974 2496 prebenda
2009 2449 2163 2484 Ecclesie

288 2506 323 2540 S.
355 2507 438 2541 l’etri
469 2511 499 2542 in
530 2509 664 2543 Brunna
695 2512 862 2556 competih
892 2511 944 2543 uel
974 2517 1164 2558 competere
1194 2517 1308 2558 posset
1335 2511 1582 2558 quomodolibet
1609 2513 1779 2557 perpetuis
1808 2510 2012 2558 temporibus
2041 2510 2163 2557 prosu-

288 2571 379 2602 turis.
410 2569 572 2604 volumus
602 2573 739 2617 insuper
767 2576 799 2605 et
827 2571 1023 2606 mandamus
1052 2573 1188 2607 lii-miter
1216 2578 1248 2607 et
1276 2584 1440 2620 expresse
1468 2571 1653 2618 Proposito„
1683 2575 1808 2618 totique
1832 2573 1984 2617 Collegio
2013 2571 2162 2619 predicte

289 2628 440 2663 Ecclesie
470 2631 505 2665 S.
537 2631 621 2665 Petri
651 2635 682 2666 in
713 2632 859 2673 Brutina„
889 2637 925 2667 vt
953 2633 1076 2667 nullum
1105 2635 1203 2669 alium
1234 2634 1393 2680 deinceps
1422 2633 1463 2667 ad
1492 2632 1732 2668 Canonicatum
1762 2638 1794 2668 ct
1819 2634 2024 2680 prebendam
2053 2632 2160 2669 factos
