2341 3005
1065 146 1139 182 227

1018 262 1194 298 CCXCIV.

339 332 550 396 conradus.
580 355 758 399 episcopus
788 350 1033 396 olomucensis.
1065 351 1226 397 elargitur
1253 351 1405 386 ecclesiae
1435 352 1472 387 B.
1502 353 1617 388 Mariae
1636 357 1777 401 virginis
1801 359 1877 390 ante
1893 355 2038 390 Brunam

161 413 384 459 indulgentias
412 413 482 448 XL.
514 414 652 448 dierum.
683 413 805 448 Datum
833 416 866 448 in
894 412 1043 448 Modricz
1072 412 1127 447 III.
1158 413 1298 448 Kalend.
1329 413 1418 448 Jnnii
1450 414 1561 449 1325.

476 493 565 529 (Orig.
598 494 743 521 membran.
777 502 835 520 cum
864 494 957 528 sigillo
987 494 1055 520 bene
1085 497 1249 521 conservato
1283 495 1308 521 in
1341 495 1452 522 archivo
1477 496 1637 524 monasterii
1672 498 1759 532 „Auia
1785 498 1810 525 S.
1836 498 1944 525 Mariae*
1972 499 2039 534 apud

580 547 608 574 C.
635 547 663 574 R.
691 547 805 573 Gubern.
830 547 923 573 Bruna2
947 547 996 573 sub
1021 546 1060 574 lit.
1087 547 1116 574 C.
1142 556 1167 574 n.
1195 546 1236 579 3.)

1017 652 1176 688 CCXCV.

158 722 347 757 Johmmes.
373 734 471 769 papa
499 722 622 757 XXII.
654 723 804 769 imlulqet
832 723 994 767 Jolmnm‘.
1026 726 1103 769 reyi
1122 724 1299 760 Bohemie.
1332 727 1479 760 triennio
1503 727 1666 761 decimam
1697 729 1838 762 omnium
1862 729 2037 763 eeclesia-

157 786 318 819 sticorum
355 788 583 830 proventuum
625 784 668 819 ab
712 785 863 820 omnihus
902 786 1152 821 ecelesiasticis
1189 789 1351 833 personis
1394 793 1543 834 esc-epto
1585 789 1793 824 soletnmeodo
1836 791 1954 825 ordine
1998 792 2037 826 S.

444 847 614 882 Johcmm's
649 847 962 882 ΗῖεηὈεοΙῖιηιἹαηἰ.
1019 848 1079 883 Dt.
1109 849 1283 883 Arim'one
1315 850 1485 884 Kalendis
1513 851 1611 885 Jmn’z'
1638 851 1751 886 1325.

331 914 527 970 Johannes
555 935 745 982 Episcopus
775 936 904 971 Servus
933 936 1119 971 Servorum
1147 937 1210 972 Dei
1240 936 1424 973 Carissimo
1453 941 1485 973 in
1516 938 1647 974 Christo
1676 939 1742 974 filio
1776 939 1922 974 Johanni
1951 941 2037 979 Regi

155 996 295 1032 Boemie
322 997 443 1032 Illustri
473 997 621 1032 Salutem
658 1002 689 1032 et
717 998 951 1044 Apostolicam
981 998 1266 1034 Benedictionein.
1312 1000 1411 1036 Sedis
1440 1002 1639 1048 Apostolice
1678 1005 1816 1049 copiosa
1846 1002 2038 1049 benignitas

157 1058 403 1094 Catholicorum
425 1059 615 1106 Principum
638 1064 716 1094 vota
746 1064 822 1095 tunc
850 1065 946 1105 grata
968 1061 1164 1096 liberalitate
1193 1066 1407 1109 prosequitur
1429 1075 1502 1097 cuni
1532 1075 1614 1109 erga
1638 1064 1858 1111 redemptoris
1879 1064 2037 1111 obsequia

156 1126 189 1156 et
230 1120 462 1156 defensionem
501 1120 645 1156 fidelium
688 1122 811 1156 salubri
847 1122 944 1156 ducta
980 1127 1152 1170 proposito
1189 1124 1386 1170 diriguntur.
1431 1125 1523 1160 Sane
1563 1130 1595 1160 tu
1632 1137 1739 1173 nuper
1774 1138 1836 1173 per
1873 1127 2038 1174 speciales

155 1186 296 1218 nuncios
331 1187 406 1218 tuos
441 1183 483 1218 ad
520 1188 669 1218 nostram
705 1187 910 1230 presentiam
947 1184 1128 1220 destinatos
1171 1188 1202 1220 in
1240 1191 1354 1221 nostra
1397 1191 1427 1221 et
1464 1187 1604 1221 fratrum
1639 1192 1829 1223 nostrorum
1870 1192 2038 1236 presentia

156 1248 282 1292 exponi
309 1244 435 1290 fecisti7
475 1246 562 1292 qnod
591 1251 623 1280 tu
653 1246 726 1280 zelo
756 1245 831 1280 fidei
860 1246 1040 1281 christiane
1076 1259 1261 1283 succensus
1298 1248 1340 1282 ad
1375 1249 1633 1295 impendendum
1673 1255 1860 1297 opportuna
1889 1251 2037 1298 presidia

156 1312 272 1342 sancte
303 1311 400 1342 matri
434 1308 580 1343 ecclesie
619 1319 717 1354 quam
751 1308 916 1343 Dominus
952 1313 1066 1343 noster
1099 1309 1222 1344 Jhesus
1258 1309 1407 1345 Christus
1442 1314 1578 1358 proprio
1609 1315 1775 1357 sanguine
1811 1316 2036 1347 consecravit.

156 1374 254 1417 teque
291 1370 529 1416 exponendum
563 1369 733 1416 obsequiis
766 1370 917 1405 eiusdem
951 1371 1095 1405 ecclesie
1128 1376 1160 1405 et
1195 1373 1379 1418 apostolice
1415 1372 1519 1414 sedis.
1556 1377 1623 1408 toto
1660 1377 1789 1420 aspiras
1825 1374 1944 1409 affectu
1979 1387 2039 1422 per

155 1431 324 1478 predictos
359 1435 501 1467 nuncios
534 1431 647 1466 humili
682 1432 925 1479 supplicatione
961 1432 1166 1480 deposcens.
1206 1438 1239 1468 nt
1268 1439 1299 1468 te
1336 1437 1369 1468 in
1408 1439 1473 1469 tam
1508 1438 1562 1482 pio
1602 1440 1633 1470 et
1671 1435 1827 1471 laudabili
1865 1440 2037 1483 proposito

155 1493 379 1528 confoventes
407 1496 439 1528 in
469 1493 651 1529 subsidium
680 1496 893 1540 negotiorum
922 1493 1109 1529 huiusmodi
1136 1501 1383 1542 proptereaque
1411 1508 1592 1543 personam
1630 1502 1661 1532 et
1689 1497 1777 1532 bona
1807 1503 1861 1532 tua
1891 1498 2036 1546 quelibet

155 1567 192 1590 es
229 1560 364 1602 paratus
398 1567 572 1603 exponere
610 1556 772 1590 decimam
808 1557 1116 1592 ecclesiasticorum
1151 1563 1374 1604 proventuum
1409 1563 1440 1593 et
1479 1559 1665 1594 reddituum
1700 1563 1797 1605 regni
1832 1560 1970 1595 Boemie
2007 1566 2037 1595 et

156 1616 338 1652 Comitatus
367 1620 412 1651 tui
440 1617 745 1663 Luceinburgensis
774 1617 830 1652 tibi
859 1618 899 1652 ad
929 1623 1053 1653 certum
1084 1624 1212 1666 tempus
1247 1631 1307 1666 pro
1336 1623 1576 1667 premissorum
1614 1621 1848 1668 supportandis
1878 1622 2036 1657 oneribus

154 1679 344 1714 concedere
366 1679 594 1725 dignaremur.
624 1679 695 1715 Nos
718 1682 818 1725 igitur
847 1680 1056 1715 attendentes
1077 1684 1200 1716 eximie
1224 1681 1413 1717 devotionis
1443 1682 1609 1719 affectum.
1641 1695 1737 1730 quem
1762 1688 1795 1717 tn
1824 1684 1865 1718 ad
1887 1684 2036 1719 eiusdem

154 1740 374 1788 redemptoris
402 1744 505 1776 nostri
535 1746 566 1776 ct
596 1741 682 1776 dicte
711 1742 801 1776 sedis
830 1741 991 1790 obsequia
1021 1743 1148 1777 ardenti
1177 1744 1434 1791 promptitudine
1465 1744 1653 1779 devotionis
1683 1745 1832 1780 ostendis
1861 1745 2036 1791 desiderijs

154 1806 258 1849 gratis
279 1803 477 1847 Inducinnm
508 1808 540 1838 nt
563 1808 593 1838 te
622 1809 788 1850 tamquam
811 1804 958 1838 inclitum
987 1805 1136 1839 eiusdem
1158 1805 1246 1840 sedis
1275 1805 1376 1840 filium
1397 1809 1545 1840 caritatis
1573 1809 1704 1841 interne
1727 1807 1874 1842 brachiis
1903 1808 2037 1855 ample-

153 1869 276 1900 xantes
298 1868 361 1900 tuis
382 1869 416 1900 in
432 1865 494 1900 hac
516 1870 610 1912 parte
625 1869 712 1900 votis
733 1871 890 1912 quantum
914 1877 987 1901 cum
1008 1866 1082 1901 Deo
1106 1878 1284 1914 possumus
1307 1879 1505 1903 annuamus.
1535 1868 1698 1903 Volentes
1719 1872 1829 1916 itaque
1850 1870 2035 1905 celsitudini

154 1931 209 1962 tue
237 1939 340 1975 super
359 1927 548 1962 huiusmodi
577 1932 631 1962 tuo
661 1931 714 1974 pio
737 1927 959 1974 laudabilique
988 1932 1158 1975 proposito
1185 1928 1358 1964 favoribus
1389 1933 1548 1965 assistere
1578 1934 1772 1977 opportunis
1802 1931 1843 1966 de
1874 1931 2035 1966 dictorum

153 1988 294 2024 Fratrum
313 1990 453 2025 consilio
483 1990 645 2024 decimam
669 1992 815 2024 omnium
844 1991 1149 2025 ecclesiasticorum
1171 1996 1394 2038 proventuum
1423 1997 1455 2026 et
1483 1992 1668 2028 reddituum
1691 1993 1841 2028 locorum
1870 2005 2036 2040 quorum-

152 2050 233 2086 libet
265 2052 572 2087 ecclesiasticorum
606 2056 838 2098 exemptorum
872 2057 903 2086 et
940 2064 1008 2086 non
1044 2057 1276 2100 exemptorum
1311 2056 1408 2099 regni
1445 2059 1476 2088 et
1515 2054 1697 2089 Comitatus
1730 2056 1955 2102 predictorum
1993 2056 2034 2090 ab

154 2113 308 2149 omnibus
323 2113 612 2161 Archiepiscopis.
633 2113 821 2160 Episcopis.
844 2117 1033 2160 ceterisque
1048 2118 1201 2161 personis
1218 2115 1456 2151 ecclesiasticis
1480 2116 1746 2164 quibuscumque
1767 2123 2034 2164 quantacumque

153 2174 365 2221 prefulgeant
393 2175 568 2221 dignitate.
600 2188 660 2210 scu
689 2178 928 2222 cuiuscumque
958 2179 1021 2211 sint
1058 2180 1300 2223 preeminentie
1325 2177 1525 2212 conditionis
1554 2190 1614 2213 seu
1644 2183 1748 2213 status
1776 2180 1950 2225 religionis
1979 2180 2033 2214 vel

154 2237 279 2271 ordinis
314 2237 433 2283 quibus
468 2242 501 2273 et
537 2248 654 2272 corum
693 2238 791 2272 alicui
824 2238 913 2273 nulla
947 2238 1126 2285 privilegia
1162 2238 1216 2273 vel
1251 2239 1474 2285 indulgentias
1510 2240 1571 2275 snb
1607 2252 1817 2287 quacumque
1852 2240 2032 2275 verborum

153 2298 261 2334 forma
289 2298 346 2333 vel
377 2302 600 2346 expressione
635 2311 798 2334 concessa
832 2300 987 2334 volumus
1022 2300 1215 2345 suffragari,
1249 2305 1461 2347 preterquam
1497 2313 1515 2336 a
1553 2302 1681 2337 dilectis
1710 2302 1835 2337 siliis..
1867 2302 2032 2348 Magistro

153 2365 187 2395 et
206 2360 366 2395 fratribus
388 2360 559 2407 hospitalis
588 2364 697 2397 sancti
719 2361 881 2396 Johannis
901 2361 1175 2406 Jerosotimitani,
1205 2365 1259 2408 qui
1280 2367 1396 2397 contra
1417 2362 1532 2398 hostes
1552 2364 1628 2399 fidei
1657 2364 1838 2399 christiane
1860 2369 2031 2411 exponunt

155 2425 278 2468 iugiter
306 2433 343 2457 se
372 2426 405 2456 et
433 2434 505 2467 sna‚
535 2434 618 2469 quos
647 2428 783 2470 propter
811 2423 873 2457 hoc
904 2423 945 2459 ab
974 2423 1123 2459 eiusdem
1153 2428 1356 2471 prestatione
1385 2425 1514 2460 decime
1543 2431 1718 2473 exemptos
1747 2431 1778 2460 et
1807 2426 1930 2461 liberos
1958 2426 2031 2461 fore

154 2484 365 2519 decernimus
394 2488 425 2518 et
454 2487 635 2529 immunes7
671 2485 727 2520 tibi
757 2485 972 2520 concedimus
999 2488 1033 2520 in
1067 2491 1156 2520 tuum
1185 2486 1367 2521 subsidium
1396 2498 1501 2533 usque
1537 2488 1578 2523 ad
1615 2491 1792 2522 triennium
1827 2488 2030 2533 exigendam

153 2550 187 2580 et
214 2549 313 2580 etiam
335 2545 559 2591 colligendam
588 2551 621 2582 et
648 2547 705 2581 tihi
725 2548 932 2593 integraliter
960 2548 1198 2594 assignandam
1219 2548 1261 2582 ad
1289 2551 1392 2595 ipsius
1415 2553 1628 2584 exactionem
1652 2549 1781 2584 decime
1801 2549 2030 2584 venerabilem

151 2606 289 2642 fratrum
317 2612 465 2642 nostrum
483 2635 515 2642 ..
545 2607 747 2656 Episcopum
771 2608 1027 2644 Olomucensem
1056 2614 1089 2644 et
1117 2609 1255 2645 dilectos
1284 2610 1367 2645 lilios
1384 2639 1390 2645 .
1410 2639 1417 2645 .
1447 2610 1760 2646 Brevenolbensem
1789 2622 1829 2646 ac
1847 2639 1852 2645 .
1872 2639 1879 2646 .
1911 2616 2028 2646 sancte

152 2668 257 2704 Marie
285 2668 589 2715 Lucembnrgensis
617 2670 798 2716 Pragensis
828 2676 861 2707 et
890 2671 1112 2706 Trevercnsis
1141 2671 1325 2707 diocesiuin
1353 2672 1636 2708 Monastcriorum
1666 2672 1816 2708 Abbates
1852 2684 1913 2720 per
1947 2673 2029 2708 alias

1718 2733 1777 2763 29¹
