2341 3005
139 265 258 299 Soceri
287 268 320 299 et
347 264 606 299 Predecessoris
640 267 744 299 nostri
773 264 920 299 Relicta.
957 276 1018 311 per
1045 264 1229 311 predictum
1258 263 1407 298 ericum
1445 270 1582 311 rogata.
1617 268 1752 300 nomine
1781 265 1963 300 Abbatisse
1993 271 2025 300 et

139 326 333 361 Conuentus
361 326 557 361 Monialium
586 326 674 361 Aule
704 326 830 361 Sancte
858 325 966 361 Marie
995 329 1029 360 in
1057 326 1204 372 Antiqua
1233 326 1359 361 Bruna.
1391 327 1536 362 exsoluit
1564 332 1596 362 et
1623 328 1765 362 redemit
1792 339 1853 363 sua
1882 331 2024 375 pecunia

138 399 214 423 cum
242 393 372 435 parata.
403 388 443 423 de
473 393 588 423 nostro
617 388 736 423 fauore
764 388 921 423 beniuolo
951 393 985 423 et
1013 400 1170 423 assensu.
1201 387 1272 423 Nos
1301 399 1385 423 vero
1419 388 1506 423 dicte
1536 389 1668 424 domine
1698 389 1830 435 Regine
1859 390 2025 433 affectum.

138 453 294 497 piumque
323 450 527 485 desiderium
555 462 638 496 erga
667 450 852 497 predictum
880 449 1122 485 Monasterium
1152 451 1241 485 Aule
1260 450 1385 485 Sancte
1414 450 1533 495 Mane,
1564 455 1658 486 cuius
1681 456 1713 485 et
1741 463 1803 486 nos
1831 451 2027 486 fundatores

137 523 253 547 sumus
281 517 314 546 et
342 515 475 547 censeri
504 512 671 556 volumus,
709 512 908 558 diligencius
937 515 1119 556 intuentes,
1157 513 1230 547 zelo
1260 515 1393 559 pietatis
1423 516 1559 547 accensi
1597 518 1629 547 et
1665 513 1852 548 deuocione
1889 514 2026 561 speciali

135 577 323 621 prouocati.
353 586 452 621 quam
482 574 522 608 ad
552 574 735 620 gloriosam
765 574 819 609 dei
847 577 1045 620 genitricem
1067 574 1221 618 Mariam,
1253 577 1348 609 cuius
1377 574 1544 609 vocabulo
1574 575 1757 622 predictum
1785 575 2026 610 Monasterium

136 636 226 671 Aula
257 636 384 671 Sancte
413 636 520 671 Marie
549 641 602 671 est
630 639 835 682 insignitum,
872 640 1033 682 gerimus.
1070 640 1103 671 in
1132 641 1323 671 nostrorum
1352 636 1536 671 remedium
1572 642 1788 684 peccatorum
1822 638 1863 672 de
1891 638 2029 672 munili-

137 701 255 745 cencia
284 698 424 744 Regalis
454 698 650 733 clemencie.
681 710 773 733 mera
803 703 836 733 et
864 698 969 733 libera
998 699 1172 733 voluntate
1201 699 1317 733 damus
1347 703 1378 733 et
1407 698 1611 734 conferimus
1641 704 1673 734 et
1702 699 1876 743 donamus.
1908 700 2028 735 dictam

136 763 365 796 municionem
395 759 512 794 Omicz
541 772 615 794 cum
644 761 732 795 villis
761 765 794 795 et
822 761 915 795 siluis
945 764 1239 808 supranominatis.
1270 765 1303 795 et
1330 764 1499 795 Wiiuersis
1523 764 1592 796 suis
1620 763 1849 808 pertinencijs‚
1880 762 2029 808 predicto

135 821 345 857 Monasterio
379 822 564 856 Abbatisse
606 827 639 857 et
674 822 862 857 Conuentui
897 822 986 857 Aule
1023 823 1148 857 Sancte
1182 822 1307 867 Marie‚
1351 827 1467 857 nostro
1506 822 1666 857 heredum
1709 835 1748 857 ac
1785 823 2030 858 Successorum

136 888 328 919 nostrorum
356 883 491 930 Regum
520 884 671 927 Boemie.
702 888 792 919 omni
820 884 902 919 Jure
931 889 963 919 et
991 884 1195 919 vtilitanbus.
1227 884 1346 931 quibus
1377 885 1417 919 ad
1447 897 1508 920 nos
1538 890 1570 920 61
1602 885 1867 932 predecessores
1897 890 2030 920 nostros

137 945 353 993 spectabant,
382 957 443 993 per
470 945 688 981 Abbatissam
725 951 757 981 et
794 946 1005 981 Conuentum
1041 947 1117 981 dicti
1146 946 1342 992 Monasterij
1374 952 1536 994 perpetuo
1565 947 1785 994 possidenda.
1825 948 1971 982 tenenda
2001 952 2033 982 et

136 1007 341 1052 vtifruenda,
369 1007 451 1043 Jure
474 1008 677 1043 hereditario
700 1011 772 1043 siue
793 1012 1028 1056 proprietario.
1059 1012 1132 1043 sine
1153 1013 1279 1053 nostra,
1310 1009 1481 1053 heredum.
1513 1021 1553 1043 ac
1573 1021 1811 1044 successorum
1839 1014 2031 1044 nostrorum

136 1074 169 1105 et
197 1069 419 1117 quorumlihet
449 1070 589 1105 aliorum
623 1074 855 1117 impeticione.
895 1075 927 1105 et
962 1070 1235 1106 contradiccione
1271 1071 1429 1118 qualibet.
1468 1071 1674 1118 temporibus
1708 1071 1907 1118 profuturiS‚
1943 1071 2032 1106 Pro-

137 1135 306 1167 mittentes
335 1131 425 1166 bona
448 1132 512 1167 fide
541 1137 656 1167 nostro
679 1132 841 1167 heredum
870 1144 909 1167 ac
939 1144 1175 1167 successorum
1196 1138 1386 1168 nostrorum
1415 1133 1549 1179 Regum
1574 1133 1713 1168 Boemie
1742 1138 1774 1168 et
1795 1133 2029 1168 Marchionum

136 1193 289 1229 Morauie
323 1197 460 1229 nomine
496 1194 583 1229 hanc
617 1200 769 1229 nostram
805 1195 1028 1230 donacionem
1061 1199 1185 1239 ratam,
1224 1200 1355 1241 gratam
1389 1200 1422 1230 et
1459 1196 1587 1229 lii-mam
1617 1195 1742 1230 habere
1780 1200 1812 1230 et
1849 1206 2030 1241 numquam

137 1259 329 1300 immutare,
364 1268 430 1291 nec
466 1260 723 1301 contrauenire.
760 1269 821 1304 per
855 1269 919 1292 nos
960 1268 1023 1292 nec
1059 1269 1121 1304 per
1156 1260 1387 1304 interpositam
1418 1268 1600 1304 personam
1630 1257 1763 1304 publice
1799 1257 1853 1292 uel
1887 1258 2030 1292 occulte.

137 1315 417 1354 Renuncciantes
437 1322 527 1353 omni
555 1319 629 1354 Juri
651 1322 796 1363 accioni,
828 1331 892 1365 que
913 1319 1023 1353 nobis.
1053 1319 1246 1363 heredibus.
1277 1323 1349 1354 siue
1376 1319 1635 1354 successoribus
1664 1322 1788 1354 nostris
1812 1322 1845 1354 in
1873 1319 2033 1366 predictis

137 1380 235 1416 bonis
265 1380 383 1415 Omicz
412 1384 604 1416 municione
639 1385 670 1415 et
698 1381 805 1416 villis.
845 1382 939 1416 siluis
969 1393 1046 1416 cum
1084 1393 1201 1416 eorum
1230 1384 1448 1428 pertinencijs
1485 1385 1656 1418 x‘niuersis
1685 1381 1942 1428 competebant‚
1978 1383 2032 1416 uel

139 1447 336 1490 competere
358 1448 499 1490 possent
521 1443 771 1490 quomodolibet
800 1447 831 1478 111
855 1443 1013 1487 futurum,
1043 1455 1179 1478 necnon
1205 1443 1428 1479 donacionem
1448 1449 1598 1478 nostram
1628 1455 1673 1478 ex
1701 1455 1789 1479 nunc
1813 1443 2029 1478 ratificantes.

138 1504 180 1540 de
209 1516 399 1540 consensus
428 1508 531 1539 nostri
554 1494 772 1552 plenitudine.
804 1517 848 1540 ex
877 1510 968 1540 certa
998 1509 1147 1540 sciencia
1171 1505 1408 1541 confirmamus
1437 1505 1650 1552 presentibus
1674 1510 1837 1553 perpetuo
1866 1507 2030 1540 valituris.

138 1566 177 1602 In
205 1570 300 1602 cuius
328 1570 379 1602 rei
413 1570 639 1602 testimonium
681 1572 713 1602 et
743 1567 860 1602 Robur
893 1572 1110 1614 perpetuum.
1154 1573 1346 1614 presentem
1376 1568 1506 1602 literam
1548 1567 1619 1602 fieri
1649 1571 1822 1602 iussimus.
1867 1572 1899 1602 et
1927 1571 2031 1602 nostri

139 1629 249 1675 Sigilli
285 1632 423 1664 maioris
457 1632 639 1664 munimine
675 1629 846 1673 1011011111,
885 1631 1008 1664 Actum
1037 1634 1069 1664 61
1096 1630 1220 1664 Datum
1253 1633 1286 1664 in
1315 1629 1451 1664 Brunna
1485 1629 1560 1664 1110.
1591 1629 1763 1664 Kalendas
1792 1629 1889 1675 Maij.
1930 1630 2032 1664 Anno

139 1691 265 1727 domini
291 1690 469 1727 Millesimo
500 1691 755 1726 Trecentesimo
785 1695 949 1726 vicesimo
979 1695 1133 1739 septimo.

456 1780 547 1815 (Orig.
573 1781 720 1808 membran.
747 1789 805 1808 cum
827 1781 920 1815 sigillo
946 1781 1041 1816 majori
1066 1781 1136 1808 bene
1152 1785 1317 1809 conservato
1342 1781 1368 1808 in
1394 1781 1506 1808 archis-0
1523 1781 1645 1816 ejusdem
1670 1781 1827 1808 monasterii
1852 1780 1922 1816 apud
1948 1781 1977 1807 C.
1999 1780 2028 1808 R.

564 1834 682 1861 Gubern.
706 1834 800 1862 Brunae
826 1834 875 1861 sub
903 1834 941 1862 lit.
969 1835 1001 1862 Α.
1027 1843 1052 1861 n.
1084 1835 1147 1870 19.)

955 1948 1217 1984 CCCXXXVII.

139 2029 331 2073 Johannffi
361 2041 430 2064 rem
458 2029 652 2071 Bokemiae,
688 2029 833 2075 ampliat
868 2031 1080 2063 umnaslerio
1109 2029 1213 2063 Anloe
1243 2028 1281 2063 S.
1322 2029 1446 2063 Mariae
1480 2030 1511 2062 in
1548 2028 1705 2075 Antiqua
1742 2029 1862 2063 Brmm
1895 2030 2034 2074 gratias

140 2095 175 2127 et
204 2091 388 2127 libertates
412 2092 454 2127 ob
474 2092 635 2126 donatam
658 2093 726 2137 ipsi
745 2091 913 2137 capellam
936 2090 974 2126 S.
997 2091 1174 2137 Procopii.
1205 2091 1335 2125 Datum
1350 2091 1484 2126 Bruma
1513 2091 1590 2125 lIl¹¹
1610 2091 1790 2125 Kalendas
1810 2091 1901 2136 111(ῃῖ
1921 2090 2032 2125 1327.

316 2170 408 2224 lNos
436 2189 611 2224 Johannes
650 2188 702 2223 dei
739 2191 857 2235 gracia
886 2188 1026 2223 Boemie
1062 2193 1093 2222 et
1123 2188 1263 2222 Polonie
1296 2187 1373 2223 Rex
1407 2200 1447 2223 ac
1475 2187 1784 2234 Lucenihurgensis
1814 2188 1954 2223 Comes.
1992 2187 2032 2221 ad

140 2253 378 2286 vniuersorum
406 2254 566 2286 noticiam
594 2254 808 2298 presencium
837 2255 869 2286 et
888 2250 1074 2285 futurorum
1104 2251 1259 2284 volumus
1282 2253 1473 2296 peruenire.
1505 2250 1602 2292 Quod
1631 2261 1706 2285 cum
1728 2249 1770 2284 ob
1799 2252 2032 2284 reuerenciam

141 2312 268 2347 Sancte
297 2312 350 2346 dei
378 2316 553 2358 genitricis
580 2316 725 2359 virginis
753 2312 873 2357 Marie,
904 2313 978 2347 loca
1008 2311 1155 2358 quelibet
1183 2315 1216 2346 111
1239 2315 1345 2359 ipsius
1361 2312 1525 2347 honorem
1544 2312 1680 2347 fundata
1702 2323 1908 2346 veneremur
1923 2311 2034 2356 dignis

141 2373 326 2409 honoribus
355 2379 388 2409 et
416 2386 662 2422 prosequamur
690 2374 863 2410 fauoribus
885 2377 1063 2419 graciosis.
1094 2374 1287 2421 specialiter
1316 2379 1427 2409 tamen
1455 2374 1700 2409 Monasterium
1720 2373 1915 2407 Monialium
1944 2373 2032 2407 Aule

142 2436 269 2471 Sancte
289 2435 397 2470 Mario
427 2439 459 2471 in
480 2440 615 2483 antiqua
644 2437 782 2472 Brunna
803 2436 1052 2484 Cysterciensis
1081 2436 1220 2480 ordinis,
1252 2435 1488 2471 Olomucensis
1510 2437 1690 2483 Dyocesis.
1721 2438 1814 2469 cuius
1837 2434 2034 2469 fundatores

142 2509 259 2534 sumus
287 2502 320 2532 et
348 2501 483 2532 censeri
511 2499 667 2534 volumus
697 2499 927 2546 amplectimur
954 2497 1128 2532 fauoribus
1157 2501 1337 2543 graciosis„
1369 2498 1460 2533 Sane
1489 2499 1578 2544 quod
1607 2509 1682 2532 cum
1711 2500 1803 2544 prius
1825 2496 2033 2531 Monasterio

142 2559 231 2594 Aule
253 2559 378 2594 Sancte
406 2559 514 2594 Marte
537 2559 720 2596 Abbatisse
749 2566 781 2596 et
803 2561 988 2596 Conuentui
1006 2560 1177 2607 Capellam
1195 2561 1310 2595 Sancti
1330 2560 1484 2608 Procopij
1503 2572 1547 2595 ex
1563 2564 1653 2594 certa
1677 2563 1791 2594 nostra
1811 2580 1853 2583 —-
1878 2559 2035 2593 donaue-

144 2624 246 2656 rimus
282 2624 373 2656 omni
400 2621 498 2665 Jure.
536 2622 733 2658 vtilitatibus
762 2628 795 2658 et
831 2623 912 2657 Jure
941 2627 1157 2669 patronatus.
1191 2622 1311 2668 quihus
1347 2622 1389 2657 ad
1417 2634 1498 2666 nos.
1533 2626 1565 2656 et
1601 2621 1866 2668 predecessores
1899 2625 2034 2654 nostros

143 2682 328 2730 spectabat,
373 2683 414 2718 de
456 2686 572 2729 gracia
606 2685 759 2731 speciali,
801 2684 991 2720 huiusmodi
1033 2696 1117 2719 vero
1155 2683 1292 2731 Capelle
1327 2684 1446 2719 Sancti
1480 2683 1633 2730 Procopij
1682 2685 1831 2728 gracias‚
1873 2681 1970 2725 Jura,
2001 2686 2035 2716 et
