2325 2941
1205 150 1279 185 248

1153 263 1330 299 CCCXIX.

309 329 495 370 Johanues.
519 338 622 371 μίτρα)
651 325 771 360 XXII.
801 326 941 360 nzamlat
968 326 1214 360 archidiac-0120
1242 326 1424 370 P1·09eiisv',
1453 330 1490 361 ut
1518 327 1559 361 de
1587 328 1723 372 injuriis
1751 331 1959 363 monasterio
1981 329 2020 363 S.
2054 328 2170 363 Claroe

312 390 459 434 Zuogsme
470 399 536 433 per
550 388 702 422 doniinos
717 388 757 421 de
773 387 943 422 Somburlt
957 387 1065 421 illatis
1083 388 1243 433 inquirat.
1274 387 1403 421 Datum
1419 387 1592 422 Am‘m'one
1607 388 1653 422 X.
1676 388 1824 422 Kalend.
1842 388 2041 424 Decembris
2058 389 2168 424 1326.

480 446 674 500 Johannes
716 465 902 512 Episcopus
944 477 1061 501 seruus
1102 477 1275 500 seruorum
1317 466 1369 500 dei
1407 465 1537 500 Dilecto
1572 466 1687 501 filio..
1723 466 1972 502 Archidiacono
2006 468 2170 514 Pragensi

307 528 445 562 salutem
467 532 498 561 et
520 527 736 574 apostolicam
758 527 1035 561 benedictionem.
1065 526 1254 573 Conqueste
1282 531 1358 561 sunt
1379 527 1476 562 nobis
1499 527 1617 562 dilecte
1644 531 1677 562 in
1700 527 1828 562 Christo
1849 528 1914 562 filie
1932 556 1938 562 .
1958 556 1964 562 .
1990 528 2171 564 Abbatissa

307 594 339 623 et
381 588 573 623 Conueutus
614 588 808 633 Monasterij
852 593 968 623 sancte
1011 587 1107 622 Clare
1147 588 1187 622 de
1228 588 1379 635 Znoyma
1418 588 1542 623 ordinis
1589 589 1738 624 eiusdem
1778 594 1895 624 sancte
1937 588 2169 625 olomucensis

307 650 468 693 diocesis,
503 650 590 695 quod
624 649 822 683 Fredericus
856 648 938 683 Feik
980 654 1011 683 et
1046 649 1257 683 Hei-mannus
1294 649 1349 683 filii
1383 649 1549 694 quondam
1589 650 1729 684 Fridrici
1771 650 1811 684 de
1847 649 2014 685 Somburk
2047 650 2167 686 fratres

307 711 380 745 laici
408 711 589 756 Pragensis
622 711 766 745 diocesis
801 722 902 756 super
934 710 1131 756 quibusdam
1159 713 1376 756 pecuniarum
1405 714 1540 745 summis
1574 714 1670 746 terrIs
1704 711 1974 758 possessionibus
2010 716 2043 746 et
2070 711 2170 746 rebus

308 772 380 817 alijs
410 775 604 806 iniuriantur
633 772 776 815 eisdenn
812 771 957 818 Ideoque
993 772 1191 806 discrecioni
1220 777 1274 806 tue
1307 783 1367 819 per
1395 772 1577 818 apostolica
1607 776 1726 819 scripta
1765 773 1970 817 mandamus,
2008 777 2170 819 quatenus

306 833 452 879 partibus
481 836 675 867 conuocatis
705 833 819 867 audias
855 844 989 867 causam
1019 838 1049 867 et
1084 833 1313 880 appellacione
1346 837 1472 867 remota
1508 833 1616 868 debito
1645 833 1710 868 fine
1739 834 1889 878 decidas„
1925 833 2054 868 faciens
2083 832 2171 879 quod

306 895 496 929 decreueris
526 905 585 940 per
613 905 789 928 censuram
812 894 1072 928 ecclesiasticam
1101 894 1237 928 firmiter
1265 894 1448 928 obseruari.
1481 894 1599 929 Testes
1628 899 1738 929 autem
1765 898 1820 941 qui
1847 895 1969 929 fuerint
1997 897 2169 939 nominati,

307 959 333 989 si
368 967 404 990 se
440 958 554 1000 gracia
598 955 673 989 odio
709 956 759 990 uel
799 958 916 990 timore
957 955 1182 990 subtraxerint
1221 967 1362 990 censura
1402 956 1499 990 simili
1538 956 1767 1002 appellacione
1806 961 1961 991 cessante
1998 956 2169 1003 conpellas

305 1020 433 1051 ueritati
476 1020 696 1051 testiinonium
738 1016 925 1063 perhibere.
981 1017 1101 1051 Datum
1138 1017 1307 1051 Aninione
1350 1017 1392 1051 X.
1436 1017 1509 1051 Kal.
1547 1017 1756 1063 Decembris.
1812 1016 2024 1052 Pontificatus
2065 1020 2169 1052 nostri

305 1089 394 1112 anno
423 1078 573 1112 Decimo.

615 1131 702 1166 (oi-ig.
728 1131 754 1158 iu
779 1131 888 1158 archivo
913 1131 1034 1166 ejusdem
1058 1131 1214 1159 monasterii
1240 1132 1310 1167 apud
1335 1133 1363 1159 C.
1390 1133 1419 1160 R.
1445 1132 1561 1160 Gubern.
1587 1132 1704 1164 Brunie.)

302 1280 489 1323 Jolmmees,
521 1291 616 1325 papa
655 1280 776 1314 XXII.
811 1282 989 1315 constituit
1030 1280 1175 1315 abbates
1212 1282 1472 1318 (it-mlieensem.
1514 1281 1834 1316 Zahrdowe'censem
1872 1285 1906 1316 et
1947 1282 2167 1316 ilIe'locensem

302 1343 521 1387 inquisitores
550 1342 591 1375 tle
615 1346 765 1386 peracta
794 1342 963 1376 electione
997 1342 1134 1376 abbatis
1170 1344 1373 1377 uiouaslere'z'
1398 1343 1580 1386 Lucensis,
1611 1345 1643 1377 ῖη
1678 1354 1746 1388 qna
1772 1343 1950 1377 ,Iohannes
1979 1345 2169 1378 canonicus

438 1403 609 1437 Si'loeuse's
639 1405 843 1437 eontm'miter
871 1404 1001 1437 electus
1030 1408 1092 1438 est.
1123 1403 1184 1438 Dt.
1214 1404 1388 1438 Arim'one
1416 1404 1478 1439 JV.
1507 1405 1656 1439 Kalend.
1685 1403 1888 1438 Decembris
1917 1403 2029 1438 1326.

473 1461 667 1515 «lohannes
695 1481 882 1528 Episcopus
913 1482 1041 1516 Servus
1071 1482 1256 1517 Servorum
1285 1483 1350 1517 Dei
1377 1483 1515 1517 Dilectis
1550 1483 1666 1518 Filiis.
1684 1511 1691 1517 .
1724 1482 1937 1517 Gradicensis
1970 1488 2002 1518 et
2033 1483 2169 1518 Zaber-

302 1542 505 1577 dowicensis
539 1554 577 1577 ac
605 1542 798 1577 Milocensis
828 1543 1062 1578 Olouiucensis
1097 1549 1129 1578 et
1156 1544 1337 1590 Pragensis
1370 1544 1455 1579 dioc.
1486 1544 1765 1579 Monasteriorum
1798 1544 1984 1579 Abbatibus
2015 1545 2165 1579 Salutem

300 1608 331 1637 et
352 1604 581 1650 Apostolieam
605 1604 889 1639 Benedictioncm.
921 1605 1114 1639 Sollicitudo
1144 1605 1369 1640 Ecclesiarum
1389 1611 1421 1640 et
1441 1606 1720 1640 Monasteriorum
1741 1609 1887 1641 omnium
1916 1605 1957 1640 ad
1975 1606 2163 1640 Romanum

303 1665 492 1699 l'ontilicem
529 1668 560 1699 ln
597 1669 754 1700 eminenti
790 1667 878 1700 sedis
912 1667 1095 1713 apostolice
1130 1667 1265 1713 speculo
1300 1667 1523 1713 presidentem
1561 1670 1708 1701 imminet
1742 1667 1911 1713 generalis
1950 1671 1984 1701 ut
2018 1667 2164 1701 studiose

302 1726 444 1771 vigilans
485 1738 585 1773 super
619 1738 692 1761 eam
731 1728 922 1773 qualitatem
959 1732 1061 1762 status
1096 1728 1323 1763 Ecclesiarum
1358 1734 1389 1763 ct
1423 1728 1703 1763 Monasteriorum
1738 1732 1886 1775 ipsorum
1921 1731 2163 1774 circumspiciat

301 1792 329 1821 et
348 1788 534 1822 consideret
556 1788 732 1833 diligenter
752 1793 939 1835 attenteque
955 1790 1130 1836 provideat
1146 1795 1179 1823 ut
1199 1793 1387 1835 ingressum
1404 1790 1608 1825 Canonicuni
1626 1790 1771 1824 habeant
1791 1789 1907 1836 quihus
1929 1789 2163 1824 committenda

301 1853 373 1882 sunt
402 1852 565 1887 regimina
596 1850 790 1893 eoi-undenn
821 1862 863 1884 ne
893 1850 953 1885 sul)
982 1851 1098 1885 umbra
1127 1851 1301 1885 Pastorum
1330 1852 1395 1898 lupi
1429 1852 1484 1886 vel
1517 1854 1716 1886 mercenarii
1750 1854 1875 1897 presint
1908 1851 1970 1885 illis
1998 1853 2051 1895 qui
2080 1849 2165 1885 sub-

300 1913 452 1943 stantiam
489 1922 603 1944 corum
638 1911 815 1946 devorent.
857 1923 999 1958 corpore
1032 1918 1202 1947 marceant
1235 1918 1265 1947 et
1301 1913 1552 1959 dampnabiliter
1585 1917 1713 1947 animas
1747 1913 1915 1959 decipiant
1946 1911 2161 1946 subditorum.

299 1970 357 2003 scd
394 1971 475 2004 tales
520 1972 559 2005 ad
601 1972 783 2007 huiusmodi
825 1976 989 2014 regimina
1029 1973 1226 2020 deputentur
1265 1986 1324 2021 per
1352 1986 1490 2020 quorum
1527 1977 1745 2008 ministerium
1780 1973 1981 2008 fructuosum
2010 1972 2164 2008 Ecclesie

300 2044 338 2065 ac
367 2029 572 2066 Monasteria
602 2034 728 2079 prefata
758 2046 873 2069 eorum
901 2035 1137 2080 gubernationi
1171 2039 1350 2070 commissa
1385 2040 1448 2070 tam
1477 2035 1653 2070 salubriter
1681 2046 1779 2081 quam
1812 2034 1931 2068 utiliter
1959 2038 2164 2080 cooperante

301 2092 442 2127 Domino
476 2100 724 2139 prosperentur.
762 2095 955 2130 Insinuante
990 2097 1152 2142 siquidem
1187 2097 1282 2131 nobis
1318 2097 1437 2131 dilecto
1473 2097 1537 2131 silio
1566 2097 1729 2131 Zacharia
1763 2096 1934 2129 Canonico
1969 2094 2162 2130 monasterii

298 2154 459 2188 Lucensis
488 2154 804 2192 Prem(insti-atensis
833 2157 956 2191 ordinis
991 2158 1223 2192 Olomucensis
1252 2158 1407 2193 Diocesis
1436 2170 1496 2193 suo
1532 2161 1664 2205 proprio
1699 2169 1737 2191 ac
1767 2160 1996 2203 procuratorio
2025 2159 2160 2191 nomine

299 2216 490 2249 dilectorum
527 2216 666 2249 liliorum
696 2217 830 2251 ilem-ici
861 2221 890 2252 iu
922 2219 1109 2262 (Maliwicm
1140 2219 1312 2264 Peregrini
1347 2223 1378 2254 in
1408 2220 1529 2263 Hard.7
1567 2220 1696 2253 ottonis
1732 2221 1763 2251 in
1794 2217 1944 2261 l‘ravstz,
1973 2217 2161 2252 Franselini

300 2280 329 2310 iu
361 2276 532 2312 Seliataw.
562 2276 688 2311 Nicolai
728 2281 758 2311 iu
788 2279 952 2314 Prenticz.
982 2280 1145 2315 Jolianuis
1175 2284 1205 2315 in
1234 2281 1347 2327 Dyax„
1378 2286 1410 2315 et
1438 2281 1675 2327 quamplurium
1706 2279 1842 2313 aliorum
1872 2279 1949 2314 dicti
1967 2278 2161 2314 Monasterii

300 2338 545 2372 Canonicorum
574 2349 712 2383 quorum
742 2351 778 2373 se
807 2346 1057 2385 procuratorem
1086 2342 1159 2376 fore
1188 2342 1329 2378 dicebat.
1359 2346 1550 2389 accepimus
1579 2340 1664 2385 quod
1701 2340 1821 2374 diulum
1848 2340 2054 2375 Monasterio
2090 2344 2161 2387 ipso

300 2410 358 2444 per
386 2399 507 2433 obitum
537 2399 701 2444 quondam
722 2399 884 2435 ‚lobannis
913 2403 1061 2437 eiusdem
1082 2402 1275 2438 Monasterii
1303 2403 1456 2446 Ahbaus,
1486 2402 1634 2436 Pastoris
1659 2405 1820 2445 regimine
1843 2402 2011 2446 destituto,
2040 2401 2159 2436 Dilecti

300 2460 351 2493 lilii
369 2460 562 2495 Conventus
592 2460 669 2495 dicti
688 2460 882 2495 Mouastcrii
911 2462 1064 2497 dilectum
1093 2464 1192 2498 tilium
1220 2464 1407 2499 .lohanncui
1437 2464 1555 2497 dictum
1586 2462 1710 2509 Lupum
1741 2464 1944 2497 Canonicum
1964 2462 2160 2498 Monasterii

300 2521 476 2566 Sytocnsis
505 2522 580 2556 dicti
602 2522 734 2556 Ordinis
765 2522 943 2567 l'ragcusis
965 2524 1117 2559 Diui-esis
1147 2528 1177 2559 iu
1199 2525 1364 2560 Abbatcni
1395 2527 1495 2570 ipsius
1515 2523 1707 2558 Monastcrii
1729 2524 1888 2559 Lucensis
1918 2524 2001 2558 iufra
2031 2529 2159 2570 tempus

300 2581 442 2615 debitum
474 2594 532 2628 per
560 2583 698 2617 sormam
727 2587 956 2630 compromissi
982 2587 1193 2620 concorditer
1214 2586 1398 2631 clegerunt,
1428 2585 1598 2630 dictusque
1631 2585 1802 2620 ,Iohannes
1824 2586 1948 2620 electus
1970 2596 2045 2620 cuni
2074 2585 2159 2620 idem

301 2641 535 2677 Mouastcrium
572 2645 738 2690 Syloense
774 2650 848 2679 tunc
889 2649 1046 2691 temporis
1084 2653 1221 2682 vacaret
1256 2646 1482 2681 consentiendi
1524 2647 1676 2681 electioni
1716 2646 1898 2681 huiusmodi
1935 2658 1952 2680 a
1987 2649 2159 2695 superiore
