2341 3005
1031 154 1105 189 237

130 271 262 305 domine
291 269 450 305 Abbtisse
479 275 511 305 et
549 273 621 305 eius
651 270 838 320 Conuentui
868 282 969 316 super
997 280 1038 304 eo
1068 269 1152 304 datis
1181 269 1324 304 lucidius
1363 274 1550 305 continetur
1591 284 1809 319 expressum„
1839 272 1910 307 Nec
1940 284 2006 308 non

129 344 246 366 omnes
269 331 466 367 Oraciones.
497 332 651 377 vigilias,
681 332 962 378 Elemosynarum
991 332 1150 366 daciones
1179 335 1387 366 aniuersaria
1416 337 1448 367 et
1476 333 1607 378 singula
1637 334 1700 368 alia
1729 337 1860 381 pietatis
1889 345 2005 381 opera,

129 393 170 428 ad
198 405 262 440 que
290 397 362 440 ipsa
393 394 525 428 domina
554 393 738 428 Abbatissa
767 398 798 427 et
827 396 899 427 eius
928 394 1120 428 Conuentus
1150 396 1181 428 in
1210 405 1466 440 recompensam
1495 394 1652 440 predictis
1681 399 1805 441 graciis
1835 401 1866 431 et
1895 396 2007 431 dona—

129 454 293 491 cionihus.
325 458 404 501 ipsis
433 455 528 489 sactis
558 467 594 489 se
617 455 861 500 obligauerunt.
894 456 945 489 uel
975 455 1083 489 adbuc
1112 454 1346 500 obligauerint„
1388 460 1485 502 prout
1520 456 1670 490 similiter
1699 460 1730 491 in
1759 469 1875 492 earum
1903 458 2007 492 literis

130 519 232 563 ipsius
260 516 404 551 Domine
433 516 617 563 Elyzabeth
653 528 756 562 super
791 528 832 551 eo
869 517 952 551 (latis
986 517 1117 563 plenius
1146 520 1335 551 continetur
1370 528 1586 563 expressum.
1624 522 1821 553 auctoritate
1854 524 2006 566 paterna.

130 589 243 625 ymmo
283 581 398 612 verius
438 578 578 625 Capituli
619 578 788 623 generalis
830 579 932 612 Anno
972 578 1106 612 Domini
1147 577 1459 613 M‘tCCC‘tXXW.
1497 578 1673 613 celebrati.
1714 584 1864 626 tempore
1904 584 2006 627 ipsius

131 638 271 686 Capituli
299 640 467 685 generalis
490 639 598 683 nobis7
628 642 659 673 in
690 639 752 673 hac
781 644 875 686 parte
904 639 1022 674 tradita
1045 645 1077 674 et
1105 651 1282 674 concessa.
1312 639 1374 675 suh
1402 643 1497 686 penis
1527 652 1591 686 que
1620 643 1824 676 interuenire
1854 647 2007 688 poterunt

130 700 331 735 ratificamus
360 700 600 748 approbamus,
641 705 673 735 et
701 712 746 735 ex
780 706 870 735 certa
899 706 1014 735 nostra
1049 704 1195 735 sciencia
1223 706 1339 736 nostro
1369 702 1553 736 accedente
1582 713 1752 736 consensu
1782 715 1945 749 expresso
1975 708 2007 738 et

129 761 287 797 beniuolo
307 767 468 809 perpetuo
488 762 737 798 confirmamus.
760 762 889 806 harunn
913 774 997 808 quas
1017 768 1130 797 nostro
1152 763 1270 808 Sigillo
1290 763 1430 809 sigillari
1451 763 1591 798 fecimus
1613 767 1804 798 testimonio
1825 765 2005 800 literarum.

131 823 253 858 Datum
280 823 394 858 Brune
422 823 497 858 XII.
528 823 698 858 Kalendas
727 824 902 858 Februarii
932 836 1020 859 anno
1048 824 1376 859 310.CCCO.XXY10.

443 913 532 954 (Orig.
558 914 703 940 membran.
729 922 787 940 cum
812 913 904 948 sigillo
929 917 1008 949 rupto
1032 913 1057 940 in
1089 914 1199 941 archivo
1229 914 1351 949 ejusdem
1375 914 1532 941 monasterii
1557 914 1626 950 apud
1651 915 1680 942 C.
1708 915 1737 942 R.
1764 915 1880 942 Gubern.
1914 916 2005 942 Brunae

548 966 597 992 sub
623 965 662 993 lit.
689 966 720 993 A.
746 975 771 993 n.
801 965 863 999 16.)

1000 1053 1141 1089 CCCYI.

306 1122 407 1176 'dem
435 1141 609 1176 confirmat
638 1153 756 1176 omnes
786 1142 986 1176 donationes
1015 1154 1033 1176 a
1063 1142 1210 1177 Henrico
1240 1143 1280 1177 dc
1301 1143 1394 1190 Lipa.
1425 1147 1600 1190 capitaneo
1632 1143 1795 1178 Moravize
1825 1148 1856 1178 et
1883 1155 2011 1178 summo

131 1203 341 1250 marschalco
370 1206 466 1248 regni
496 1203 676 1247 Bohemize‚
706 1207 910 1238 monasterio
937 1204 1033 1239 Aula¹
1063 1216 1089 1239 s.
1121 1204 1235 1239 Maria>
1265 1208 1295 1239 in
1330 1205 1476 1251 Antiqua
1506 1205 1617 1239 Bruna
1648 1205 1765 1239 factas.
1796 1205 1848 1239 Dt.
1887 1205 2008 1240 Brunae

132 1264 206 1299 XII.
230 1264 378 1299 Kalend.
409 1264 596 1309 Februarii⁷
630 1264 740 1299 1326.

453 1354 541 1389 (Orig.
567 1355 711 1382 membran.
738 1363 795 1381 cum
821 1355 913 1389 sigillo
930 1364 1013 1390 parvo
1037 1356 1105 1382 bene
1130 1359 1294 1382 conservato
1319 1355 1345 1382 in
1370 1354 1483 1384 archivo
1509 1356 1629 1390 ejusdem
1651 1356 1806 1383 monasterii
1832 1357 1901 1392 apud
1922 1357 1951 1384 C.
1978 1357 2006 1384 n.

550 1407 666 1434 Gubern.
692 1407 785 1434 Bruna·
810 1408 859 1434 sub
885 1408 923 1435 lit.
950 1408 979 1434 D.
1006 1417 1030 1435 11.
1060 1407 1122 1443 13.)

988 1512 1146 1547 CCCVII.

131 1590 325 1633 .lole(11me.‹›·7
369 1602 435 1625 rea·
470 1591 661 1627 Bolzemise.
705 1592 862 1626 concedit
904 1593 1041 1626 civitati
1074 1592 1284 1637 Zuoymensi
1317 1594 1351 1626 in
1384 1595 1461 1627 rino
1501 1597 1534 1628 et
1569 1594 1645 1627 sale
1680 1605 1723 1627 ea
1752 1597 1850 1639 jura.
1888 1593 2009 1642 quibus

293 1652 414 1686 Bruna
444 1656 478 1686 et
506 1652 643 1698 Iqlare'a
670 1653 832 1698 quacient.
863 1653 923 1687 De.
954 1653 1178 1697 Bac-haram7
1205 1655 1272 1698 fer.
1310 1654 1366 1689 ΓΙ.
1397 1659 1478 1689 ante
1507 1655 1596 1689 Esto
1625 1655 1708 1689 ηιὶΙιὶ
1735 1655 1847 1689 1326.

308 1730 398 1784 Axos
426 1748 599 1784 Johannes
635 1749 687 1783 dci
722 1753 837 1793 gracia
874 1750 1011 1784 Boemie
1047 1755 1079 1784 ct-
1111 1750 1248 1784 Polonie
1282 1751 1357 1785 Rex
1393 1763 1433 1786 ac
1471 1751 1776 1797 Lucemburgensis
1813 1751 1934 1787 Comes
1971 1751 2012 1786 ad

133 1813 369 1845 vniuersorum
399 1815 463 1844 tam
493 1815 705 1857 presencium
739 1822 837 1856 quam
866 1811 1050 1845 futurorum
1086 1811 1250 1846 Noticiam
1280 1812 1442 1848 Volumus
1477 1816 1656 1859 peruenire
1686 1812 1782 1855 Quod
1818 1814 2013 1849 affectantes

136 1882 225 1906 nunc
253 1876 287 1906 et
314 1883 448 1918 semper
476 1872 637 1906 dictorum
675 1872 818 1906 fidelium
855 1877 1044 1907 nostrorum
1075 1872 1202 1907 Cinium
1240 1873 1389 1908 Ciuitatis
1418 1879 1534 1909 nostre
1566 1875 1793 1921 Znoymensis
1829 1876 2014 1910 commodis

138 1932 339 1967 Vtilitatibus
373 1938 403 1967 et
436 1933 639 1980 profectibus
670 1934 842 1968 intendere
878 1946 938 1980 per
972 1934 1141 1969 cll'cctum.
1171 1939 1203 1968 ct
1234 1939 1271 1968 vt
1299 1934 1423 1970 Ciuitas
1458 1938 1527 1982 ipsa
1557 1936 1783 1983 Znoymensis
1819 1948 1884 1982 que
1917 1940 2013 1983 quasi

135 1997 167 2029 in
196 1997 292 2029 metis
315 1999 349 2030 et
375 1994 494 2029 finibus
515 1995 624 2040 Regni
654 1998 755 2030 nostri
779 1998 838 2029 sita
869 2000 930 2039 cst,
961 1995 1002 2029 ob
1025 1995 1113 2041 quod
1141 1996 1181 2029 dc
1205 1996 1406 2042 specialibus
1435 1997 1590 2042 subsidijs
1611 2002 1644 2031 et
1672 1997 1830 2043 remedijs
1859 1998 2012 2045 indigere

134 2055 268 2090 videtur
308 2059 474 2091 continuis
513 2056 676 2103 proficere
716 2057 829 2091 valeat
868 2059 1081 2091 incrementis
1121 2060 1181 2103 ipsi
1221 2058 1350 2092 Ciuitati
1391 2063 1506 2093 nostre
1541 2058 1628 2093 hanc
1667 2062 1817 2104 graciam
1858 2059 2012 2093 duximus

134 2116 323 2151 faciendam
356 2120 405 2152 sic
439 2118 526 2164 quod
562 2129 607 2152 ex
643 2129 729 2152 nunc
764 2121 797 2152 in
833 2123 930 2152 antea
965 2121 1036 2165 ipsa
1071 2118 1194 2152 Ciuitas
1228 2124 1342 2154 nostra
1379 2120 1570 2167 specialiter
1603 2123 1635 2155 in
1665 2120 1753 2155 Vino
1782 2125 1814 2155 et
1843 2121 1922 2155 Sale
1951 2121 2012 2154 illis

136 2177 265 2212 fruatur
288 2178 419 2222 juribus
447 2179 565 2225 quibus
595 2178 753 2213 Ciuitates
782 2184 895 2214 nostre
923 2180 1058 2214 Brunna
1088 2185 1119 2214 et
1154 2180 1280 2225 Iglauia
1318 2180 1478 2216 hactenus
1513 2187 1588 2217 sunt
1622 2185 1743 2227 gauise
1777 2182 1822 2216 lta
1858 2182 2013 2216 videlicet

135 2239 223 2286 quod
258 2242 291 2274 in
328 2242 399 2286 ipsa
429 2240 570 2276 Ciuitate
603 2246 715 2275 nostra
750 2240 958 2287 Znoymensi
998 2253 1065 2275 non
1101 2241 1218 2286 aliquis
1256 2242 1421 2289 hospitum
1459 2243 1500 2277 ab
1539 2243 1603 2277 alio
1644 2243 1772 2290 bospite
1808 2242 1865 2277 sed
1903 2246 2012 2289 potius

137 2300 261 2347 hospes
289 2312 307 2334 a
338 2300 419 2335 Ciue
447 2306 480 2336 et
508 2302 598 2337 Ciuis
627 2302 747 2337 ibidem
771 2302 812 2336 ab
842 2302 970 2349 bospite
999 2302 1146 2349 predicta
1177 2303 1298 2338 Vinum
1327 2308 1359 2338 et
1388 2304 1444 2338 Sal
1468 2307 1637 2351 perpetuis
1667 2303 1869 2351 temporibus
1899 2315 2012 2338 emere

136 2361 259 2397 debeat
286 2366 385 2408 atque
413 2366 519 2409 possit
547 2364 583 2398 ln
606 2367 700 2398 cuius
729 2367 776 2398 rei
807 2367 1027 2398 testimoninm
1052 2369 1225 2410 presentes
1254 2365 1395 2400 Litteras
1417 2366 1486 2400 ficri
1517 2371 1549 2400 ct
1578 2366 1696 2411 Sigillo
1725 2369 1839 2399 nostro
1870 2365 2011 2399 Secreto

136 2428 273 2470 propter
310 2427 500 2458 carenciam
538 2429 672 2460 maioris
713 2426 820 2472 sigilli
862 2429 965 2460 nostri
1004 2428 1158 2460 iussimus
1200 2430 1406 2461 communiri.
1456 2427 1578 2462 Datum
1613 2430 1642 2461 111
1675 2426 1870 2460 Bacliaraco
1910 2426 2012 2460 Anno

136 2483 269 2518 Domini
297 2484 474 2519 Millesimo
508 2485 760 2522 Trecentesimo
793 2490 961 2533 vigesimo
1000 2487 1105 2521 Sexto
1140 2491 1293 2533 proxima
1331 2488 1436 2524 Sexta
1472 2489 1554 2523 seria
1592 2492 1668 2522 ante
1710 2487 1909 2522 dominicam
1946 2498 2009 2532 qua

137 2549 291 2580 cantatur
320 2545 400 2580 Esto
429 2546 506 2580 mibi
538 2550 568 2581 in
598 2548 706 2583 dcum.

452 2635 539 2669 (Orig.
566 2637 710 2665 membran.
737 2647 793 2664 cuni
819 2647 902 2674 parvo
927 2638 1018 2672 sigillo
1044 2639 1112 2665 bene
1138 2641 1300 2666 conservato
1325 2639 1350 2666 in
1376 2639 1485 2665 (ιη-11110
1511 2638 1630 2673 ejusdcm
1654 2637 1795 2669 cixitatis.)
