2357 3021
1125 167 1173 203 25

206 285 383 331 Propositi.
413 284 567 330 Magistri
595 284 759 319 ,1011331115
788 283 1040 321 Arcliidiaconi„
1070 295 1110 318 ac
1139 286 1245 318 tocius
1279 283 1418 329 Capituli
1455 287 1568 316 nostre
1605 282 1842 317 Olomucensis
1878 281 2032 316 Ecclesie
2062 286 2093 315 et

206 349 351 381 omnium
394 346 532 380 aliorum
576 358 714 392 quorum
758 349 928 380 intererat.
973 348 1217 379 interueniente
1260 348 1367 379 eciam
1410 344 1585 390 sollempni
1628 349 1767 378 tractatu
1810 347 1865 389 qni
1909 347 1940 377 in
1970 343 2091 378 talibus

205 393 410 442 interuenire
439 411 626 446 consueuit„
664 407 940 445 Concessionenn
978 419 1039 442 sev
1074 407 1311 442 Donacionem
1351 409 1454 453 ipsius
1489 405 1633 440 Domine
1668 406 1860 453 VVoyslaue
1895 405 2093 452 predictam„

204 474 311 504 ratam
340 474 372 504 et
400 474 531 515 gratam
560 469 722 504 habentes
752 472 948 503 auctoritate
978 481 1041 515 qua
1070 468 1243 514 fungimur
1271 468 1520 502 confirmamus.
1557 467 1586 501 V
1590 468 1731 507 olentes„
1768 472 1803 502 vt
1838 467 1987 515 predicte
2015 467 2095 501 Do-

205 534 295 566 mine
325 560 332 566 .
365 560 372 566 .
403 531 566 567 Priorissa
590 536 622 565 et
645 530 837 565 Conuentus
862 542 1056 566 sorororum
1078 532 1271 576 monasterij
1296 530 1456 577 sepedicti
1479 529 1668 564 Ecclesiam
1690 533 1723 563 in
1746 529 1882 564 Wazan
1911 530 2093 577 predictam

206 604 280 628 cum
311 596 485 628 vacauerit
520 592 670 628 officiare
705 592 842 627 valeant
877 605 936 639 per
970 595 1146 636 vicarium7
1183 595 1237 638 qui
1274 603 1292 626 a
1329 592 1424 626 nobis
1460 596 1492 626 et
1528 591 1785 626 successoribus
1820 594 1942 627 nostris
1973 591 2095 626 Curam

205 657 346 702 recipiat
375 658 573 699 3313131313,
605 666 644 688 30
673 654 794 689 ibidem
825 657 1070 689 amministrare
1099 657 1211 689 0111313
1240 654 1481 689 Εο01051351103
1512 653 1745 687 Sacramenta.
1776 653 1831 687 Ad
1861 653 1923 688 hec
1951 656 2094 700 permit—

205 719 303 755 timus
345 721 379 751 et
419 716 647 760 concednuus„
690 720 727 751 vt
755 719 820 750 iam
849 716 936 751 dicte
965 717 1125 762 religiose
1166 716 1311 750 Domine
1341 744 1348 750 .
1382 744 1388 750 .
1420 715 1583 750 Priorissa
1627 719 1659 749 et
1701 714 1895 749 Conuentus
1931 715 2094 750 Sororum

204 778 400 813 Monasterii
429 777 580 825 sepefan‚
611 789 729 813 omnes
757 778 883 813 fructus
912 783 945 813 et
972 783 1154 825 prouentus
1183 777 1335 813 eiusdem
1363 777 1517 812 Ecclesie
1547 780 1580 811 in
1609 777 1656 811 W
1660 788 1744 811 azan
1780 780 1813 811 in
1850 777 2094 821 oblacionibus,

205 840 357 885 decimis,
400 845 433 875 et
475 840 548 886 alijs
590 839 773 875 redditibus
817 852 1016 887 quocunque
1058 843 1194 875 nomine
1236 844 1450 879 censeantur„
1494 842 1563 874 51115
1599 842 1729 886 possint
1764 838 1883 874 vsibus
1913 840 2094 886 applicare.

208 902 468 938 Sustentacione
498 901 671 937 dumtaxat
698 904 816 948 vicarij
848 914 999 948 congrua
1029 907 1214 939 reseruata.
1245 901 1381 937 Juribus
1410 902 1598 947 legatorum
1629 901 1726 936 Sedis
1756 901 1942 948 apostolice
1972 904 2096 936 nostris

206 976 246 999 ac
275 963 614 1011 archidyaconalibus
644 976 706 1011 per
734 967 846 999 omnia
876 976 1010 1011 semper
1038 964 1151 999 saluis.
1188 964 1225 998 In
1262 975 1403 1010 quorum
1439 967 1584 998 omnium
1622 966 1847 999 testimonium
1883 967 1916 997 et
1951 963 2097 997 euiden—

206 1029 294 1061 013111
321 1026 507 1073 pleniorem
535 1031 711 1073 presentes
741 1026 867 1061 litteras
896 1026 979 1063 fieri.
1010 1031 1041 1061 et
1071 1026 1265 1072 Sigillorum
1294 1031 1359 1061 tam
1388 1029 1505 1064 1105111,
1531 1037 1630 1072 quam
1651 1025 1793 1072 predicti
1816 1025 1962 1060 ecclesie
1984 1030 2098 1059 nostre

206 1087 346 1134 Capituli
375 1091 557 1123 munimine
586 1091 744 1123 iussimus
774 1088 939 1133 roborarj.
970 1088 1093 1123 Datum
1122 1091 1155 1122 in
1183 1087 1336 1122 Modricz
1365 1099 1454 1123 anno
1484 1088 1609 1122 domini
1644 1087 1823 1122 Millesimo
1861 1086 1954 1122 CCC.
1985 1087 2095 1122 Nono.

205 1149 295 1184 XIII.
326 1149 497 1185 Kalendas
526 1150 736 1185 Decembris.
767 1150 954 1185 Indictione
983 1150 1056 1185 Vll.
1088 1150 1304 1185 Pontificatus
1333 1153 1438 1185 nostri
1468 1161 1556 1184 anno
1586 1153 1739 1196 septimo.

521 1226 611 1264 (Orig.
645 1227 790 1254 membran.
828 1235 890 1255 011111
923 1227 1028 1254 duobus
1064 1227 1163 1262 sigillis
1198 1236 1231 1254 ex
1252 1230 1329 1262 parte
1365 1226 1437 1253 laesis
1469 1226 1494 1253 111
1530 1226 1642 1253 archivo
1678 1226 1780 1253 societ.
1812 1226 1878 1253 Jesu
1911 1226 1981 1261 apud
2015 1226 2044 1253 C.
2068 1226 2097 1253 R.

626 1280 743 1308 Gubern.
771 1281 873 1307 Brunae.
899 1280 974 1307 Fasc.
1002 1280 1050 1308 56.
1077 1290 1102 1307 3.
1128 1280 1197 1318 49.)

208 1443 439 1489 Mayistratus
469 1444 659 1489 Pragyensz's
688 1446 917 1490 recofflzosce't.
949 1445 1038 1491 qnod
1065 1445 1279 1479 Raitmmdus
1307 1445 1349 1479 [Ie
1378 1444 1610 1490 Li'clztenbmy
1644 1444 1873 1479 Theoderico.
1905 1445 1976 1478 cici
1998 1444 2098 1478 Pra-

205 1507 315 1551 (sensi,
341 1517 409 1551 pro
438 1505 562 1540 debitis
592 1507 796 1541 sedecimam
820 1511 959 1552 partem
989 1509 1142 1552 septimic
1166 1509 1284 1552 partis
1313 1508 1347 1541 2⁸12
1390 1507 1546 1542 Vaserad
1579 1506 1767 1552 oble'yatar.
1808 1505 1868 1540 Dt.
1905 1506 2035 1552 Prayce
2064 1508 2097 1540 ἱη,

866 1569 1136 1604 Ciremneisione
1165 1569 1293 1604 domini
1321 1568 1433 1603 1310.

382 1636 474 1690 Nos
502 1656 684 1691 Wolssinus
719 1657 841 1696 ,ludex
878 1657 1056 1692 Eberlinus
1092 1658 1133 1693 de
1166 1657 1304 1705 [13111110ἢ
1342 1657 1471 1705 Sybota
1508 1658 1548 1692 de
1586 1658 1748 1699 Bensaw„
1786 1656 1971 1701 Betlehem„
2009 1657 2100 1704 Hyl-

207 1717 365 1764 prandiis,
402 1717 604 1764 nyflinger,
635 1718 751 1753 Petrus
779 1722 879 1764 nigri,
909 1719 1068 1755 Albertus
1097 1719 1239 1761 Atheni,
1271 1719 1445 1755 Conradus
1482 1720 1522 1754 de
1558 1720 1696 1766 Lapide„
1732 1719 1892 1765 Rugerus
1928 1719 2099 1754 Rusticus.

208 1779 384 1814 Conradus
413 1779 535 1824 Plaier‚
577 1779 755 1814 Memlinus
797 1780 1027 1827 Rokczinerij.
1069 1781 1427 1828 IN'ycolaus·Wolssini
1470 1786 1502 1816 et
1545 1782 1708 1816 Rudlinus
1751 1780 1901 1815 Volklini
1929 1781 2035 1815 Jurati
2067 1785 2097 1815 et

208 1840 309 1876 Ciues
339 1840 489 1876 Ciuitatis
517 1841 712 1887 Pragensis.
743 1842 797 1876 Ad
826 1843 1034 1888 singulorum
1064 1846 1222 1878 noticiam
1265 1843 1459 1879 deducimus
1488 1856 1548 1890 per
1576 1848 1763 1890 presentes„
1800 1843 1889 1890 quod
1924 1843 2101 1880 Discretus

213 1906 268 1938 vir
297 1902 519 1956 Tlieodrimis,
549 1908 664 1938 noster
692 1907 843 1938 concinis
873 1907 904 1939 in
934 1909 1047 1939 nostra
1070 1908 1246 1951 presencia
1269 1908 1466 1940 constitutus
1488 1909 1688 1952 recognouit
1710 1917 1746 1941 se
1776 1917 1850 1940 cum
1872 1904 1984 1940 Nobili
2013 1908 2100 1941 viro.

209 1964 344 1999 domino
374 1965 550 1999 Remundo
580 1965 621 1999 de
650 1965 919 2001 Lucbtenburcb.
949 1978 1009 2013 pro
1039 1969 1108 2001 suis
1138 1966 1268 2007 debitis„
1299 1970 1330 2001 in
1360 1966 1478 2013 quibus
1501 1967 1574 2006 51111,
1599 1967 1691 2002 Idem
1714 1967 1868 2003 dominus
1889 1967 2099 2005 Remundusq

210 2026 252 2061 ab
282 2029 416 2073 antiquo
446 2026 612 2073 abligatus
640 2027 749 2062 fuerat
777 2028 973 2063 consedisse
1002 2031 1034 2062 in
1064 2028 1117 2063 die
1152 2028 1321 2063 dominico
1358 2032 1515 2077 proximo
1550 2034 1625 2077 post
1657 2029 1778 2065 festum
1814 2033 1922 2065 sancti
1957 2029 2100 2076 Nycolai

210 2091 317 2136 primo
352 2092 558 2136 preteritum7
595 2093 627 2123 et
663 2092 834 2124 racionem
869 2089 1004 2135 secisse,
1041 2102 1101 2137 pro
1137 2090 1256 2136 ijsdem
1291 2090 1408 2126 debitis
1444 2103 1519 2126 cum
1555 2092 1675 2126 eodem
1711 2092 1858 2135 domino,
1889 2103 1949 2139 pro
1980 2090 2100 2138 quibus

210 2153 281 2198 ipse
311 2150 464 2186 dominus
505 2151 701 2186 Remundus
744 2151 854 2186 eidem
897 2152 1087 2187 Tlieodrico
1130 2152 1332 2187 sedecimam
1374 2158 1514 2200 partem.
1545 2157 1685 2201 septime
1728 2157 1831 2201 partis
1861 2157 1894 2188 in
1923 2153 2099 2188 Vaserrad

210 2211 421 2258 obligauerat
449 2217 482 2247 et
510 2212 618 2247 adbuc
647 2224 707 2259 pro
736 2213 870 2247 residua
900 2217 1042 2260 pecnnia
1073 2213 1235 2260 obligauit
1263 2214 1323 2255 113,
1346 2215 1433 2261 quod
1456 2218 1594 2250 racione
1618 2219 1704 2250 inter
1726 2221 1838 2263 partes
1863 2219 1953 2263 ipsas
1976 2215 2100 2250 habita.

211 2276 316 2320 ipsius
346 2274 470 2309 domini
499 2274 664 2309 Remundi
694 2286 773 2321 pars
802 2275 920 2309 cadem
949 2275 1119 2312 sedecima
1150 2279 1290 2323 septime
1319 2280 1422 2323 partis
1451 2280 1484 2311 in
1515 2278 1715 2323 Quingentis
1744 2277 1939 2323 Nonaginta
1971 2277 2100 2312 duabus

210 2334 338 2370 Marcis
380 2335 540 2371 bernihus
582 2336 795 2371 denariorum
838 2336 1071 2383 Pragensium,
1114 2341 1177 2384 ipsi
1221 2338 1410 2373 Tbeodrico
1452 2344 1602 2374 remanet
1631 2340 1791 2385 obligata,
1836 2339 1944 2382 Quam
1974 2344 2100 2386 partem

212 2396 422 2432 Theodricus
451 2398 620 2444 predictus
650 2401 724 2433 sine
753 2399 989 2446 impedimento
1019 2400 1167 2445 quolibet
1195 2404 1310 2434 tenere
1339 2400 1438 2435 debet
1466 2405 1531 2435 tam
1568 2402 1633 2443 diu„
1665 2413 1838 2448 quousque
1873 2413 1952 2448 pars
1983 2401 2101 2435 eadem

212 2458 381 2493 sedecima
411 2462 442 2493 in
481 2459 653 2494 Vaserrad
692 2472 729 2495 se
764 2461 882 2495 liberet
917 2461 958 2495 de
993 2465 1136 2507 pecunia
1172 2467 1369 2503 memorata„
1406 2462 1548 2510 Insuper
1583 2464 1862 2510 quandocumque
1892 2463 2101 2497 Tbeodricus

212 2520 381 2567 predictus
410 2524 586 2567 pecuniam
614 2524 734 2568 ipsam,
765 2521 978 2568 Quingentas
1015 2527 1047 2557 et
1080 2522 1273 2569 Nonaginta
1308 2524 1443 2560 Marcas
1481 2536 1555 2559 cum
1592 2525 1731 2567 duabus„
1767 2525 1925 2560 videlicet
1960 2536 2020 2571 pro
2051 2536 2100 2564 se„

213 2582 253 2616 de
282 2585 353 2628 ipsa
383 2587 477 2628 parte
507 2583 674 2618 sedecima
704 2587 882 2631 receperit„
913 2596 957 2619 ex
987 2589 1063 2619 tunc
1092 2596 1170 2631 pars
1200 2586 1368 2620 sedecima
1399 2589 1538 2633 septime
1567 2590 1670 2633 partis
1692 2591 1840 2634 pretacta
1867 2586 1907 2620 ad
1931 2586 2099 2621 dominnm

210 2643 421 2678 Remundum
451 2644 633 2691 predictum
663 2645 767 2680 libere
796 2651 994 2685 1030110131ἢ
1026 2658 1087 2681 nec
1118 2649 1189 2693 ipse
1219 2648 1427 2683 Tbeodricus
1458 2652 1519 2695 ipsi
1543 2649 1678 2683 domino
1702 2648 1878 2683 Reniundo
1902 2647 1942 2683 de
1966 2660 2100 2695 quoquo

212 2705 309 2740 debet
345 2710 399 2740 aut
436 2705 601 2740 tenebitur
637 2708 774 2742 vlterius
810 2711 984 2755 imputare,
1029 2708 1065 2743 In
1101 2712 1196 2744 cuius
1232 2713 1279 2744 rei
1316 2713 1504 2745 testimonia
1541 2715 1716 2757 presentes
1753 2710 1922 2745 conscribi
1959 2711 2100 2745 fecimus

1872 2771 1890 2802 4
