2325 2941
1231 140 1302 175 106

339 257 554 299 Civitatibus,
588 257 734 292 Castris.
787 255 892 299 lillis,
922 259 956 290 et
1002 255 1118 289 Terris
1155 266 1221 300 per
1248 255 1403 300 Reynum
1443 255 1585 290 Boemic
1627 257 1823 290 constitutis
1863 256 1950 291 adeo
1992 260 2058 291 etc.
2098 260 2135 290 ut
2162 258 2197 291 in

335 319 456 353 eadem
484 330 587 364 usque
616 321 728 351 tamen
757 319 885 351 aucoeie
919 318 953 350 in
985 315 1190 350 Civitatibus
1234 316 1370 350 Castris
1406 315 1502 351 Villis
1542 328 1585 350 ac
1617 316 1735 350 Terris
1769 317 1894 351 eisdem
1927 317 2036 351 veluti
2061 321 2127 352 etc.
2158 321 2197 352 ut

336 381 371 413 in
398 380 514 414 eadem
542 379 681 412 mutatis
709 378 889 412 mutandis,
920 378 1047 412 Datum
1076 381 1112 410 ut
1139 388 1257 421 supra.

504 448 543 482 In
573 448 711 482 eundem
746 448 875 482 modum
917 447 1055 481 Dilecto
1093 447 1167 491 filio
1202 446 1323 481 Nobili
1368 446 1448 481 Viro
1478 474 1485 481 .
1517 473 1524 481 .
1554 446 1647 481 Daci
1692 446 1973 483 Wratislaviensi
1998 451 2064 482 etc.
2110 447 2194 482 Cum

337 509 465 544 Habroe
493 513 528 543 ut
556 511 590 543 iu
613 511 777 554 prox-ima
805 510 979 553 superiori
1005 519 1110 553 usque
1138 507 1282 541 dilectos
1306 508 1399 552 filios
1423 509 1557 552 fratres
1588 507 1729 542 Coldam
1757 511 1791 542 et
1819 507 2043 553 Pereqrinum
2070 508 2194 553 Oppo-

337 571 432 604 liens.
463 570 736 611 Predieatorum,
766 581 809 604 ac
837 569 1086 603 Hartmannum
1114 569 1265 603 Pilnens.
1295 572 1330 602 et
1358 568 1540 602 Nicolaum
1568 568 1782 614 Hyspodinet
1810 569 1851 603 de
1874 568 2048 603 Cracovia
2074 569 2197 603 Mino-

335 643 408 665 rum
439 631 610 674 0rclinum,
640 643 780 676 quorum
809 631 954 664 honesta
982 634 1048 664 etc.
1077 633 1114 664 ut
1141 641 1247 674 supra
1270 641 1337 674 per
1364 633 1481 663 totum.
1511 629 1640 663 Datum
1667 633 1703 663 ut
1730 641 1847 675 supra.

504 701 543 734 In
572 701 709 735 eundem
738 701 867 734 modum
899 700 1086 734 Carissimo
1114 701 1147 733 in
1179 699 1317 733 Christo
1354 699 1445 733 Filio
1475 726 1482 733 .
1514 726 1521 733 .
1552 699 1644 744 Reqi
1676 698 1817 734 Boemie
1845 703 1911 734 etc.
1950 699 2032 734 Cum
2067 699 2197 735 Habrae

330 764 446 807 patris
470 762 555 807 fidei
591 765 656 795 etc.
696 765 732 795 ut
766 763 799 795 in
827 761 881 796 11⁷
913 762 1087 806 superiori
1117 772 1223 806 usque
1258 761 1452 805 Remorum
1489 763 1623 794 tuorum
1657 759 1800 794 Boemie
1837 764 1902 794 etc.
1938 764 1976 794 ut
2010 762 2044 794 in
2078 761 2198 795 eadem

336 835 443 869 usque
471 823 616 857 dilectos
640 823 733 867 lilios
758 824 892 867 fratres
923 822 1063 856 Coldam
1091 825 1125 856 et
1154 821 1377 866 Pereqrinum
1408 820 1580 865 Opuliens.
1610 820 1873 855 Predicatorum
1893 825 1927 855 et
1947 821 2197 856 Hartmannum

335 884 488 918 Pilnens,
518 888 552 918 et
575 884 755 918 Nicolaum
785 883 998 928 Hyspodinet
1025 883 1066 916 de
1091 882 1264 916 Cracocia
1291 882 1459 915 Minorum
1477 881 1637 915 Orclinum
1665 893 1805 927 quorum
1832 882 1977 916 honesta
2005 886 2070 916 etc.
2087 893 2194 928 usque

334 946 640 979 animadversiones
656 947 822 989 insurgat.
840 944 1096 978 Excellentiam
1114 947 1204 977 tuam
1219 943 1382 977 monendo
1398 954 1557 987 rogamus
1572 946 1607 976 et
1622 942 1800 977 hortamur
1819 946 1954 977 attente
1969 942 2194 977 obsecrantes

330 1018 397 1052 per
426 1009 559 1041 eisc-era
588 1006 822 1040 misericordie
850 1005 922 1039 Dei
946 1007 1058 1039 nostri
1084 1009 1118 1038 et
1146 1004 1382 1038 nichilominus
1410 1002 1474 1037 tibi
1496 1015 1562 1048 per
1596 1003 1792 1048 apostolica
1825 1006 1957 1049 scripta
1991 1004 2196 1038 mandantes

335 1070 494 1114 quatinus
518 1070 579 1113 pia
607 1068 828 1101 meditatione
852 1070 1000 1111 pensata
1030 1069 1189 1112 quantum
1217 1069 1276 1099 tua
1305 1069 1339 1098 et
1367 1068 1559 1098 ceterorum
1585 1064 1842 1098 Cat-liolicorum
1857 1066 2048 1110 principum
2076 1067 2196 1100 inter-

336 1132 389 1163 est
418 1133 454 1163 ut
483 1129 591 1162 induti
617 1129 759 1162 loricam
784 1128 869 1172 fidei
894 1131 960 1161 etc.
986 1139 1052 1172 per
1080 1131 1196 1161 totum.
1226 1126 1354 1160 Datum
1382 1129 1419 1159 ut
1446 1137 1563 1170 supra.

502 1198 540 1232 In
571 1199 709 1233 eundem
751 1198 880 1231 modum
922 1197 1061 1231 Dilecto
1099 1197 1173 1241 filio
1215 1195 1335 1230 Nobili
1382 1195 1460 1230 Viro
1491 1223 1498 1229 .
1530 1223 1536 1229 .
1567 1195 1764 1230 Marchioni
1802 1195 1972 1230 Misnensi
2009 1200 2075 1230 etc.
2116 1196 2198 1230 Cum

335 1260 464 1295 Habroe
491 1264 556 1294 etc.
588 1263 623 1293 ut
652 1261 683 1293 in
709 1261 823 1305 prima
851 1270 914 1304 que
943 1259 1104 1303 dirigitur
1135 1285 1141 1291 .
1174 1285 1181 1291 .
1210 1257 1304 1291 Duci
1333 1256 1568 1291 cracoviensi.
1598 1256 1726 1291 Datum
1754 1260 1789 1291 ut
1816 1268 1933 1302 supra.

647 1348 701 1383 (Ex
732 1347 901 1382 autographo
937 1347 1056 1379 Regesne
1090 1345 1221 1374 Johannis
1250 1354 1324 1380 papa·
1352 1345 1435 1372 xxii.
1465 1344 1525 1371 anui
1550 1345 1580 1372 Il.
1606 1348 1674 1380 part.
1701 1343 1720 1372 l.
1746 1353 1807 1380 pag.
1839 1344 1909 1372 316.
1937 1345 2017 1380 epist.
2052 1343 2144 1374 1054.
2171 1345 2198 1374 in

748 1400 896 1427 'tabulariis
921 1398 1059 1426 Vaticanis
1084 1397 1202 1433 copiavit
1227 1398 1270 1425 Dr.
1296 1398 1324 1424 B.
1350 1396 1460 1433 Dudik.)

1172 1519 1359 1554 CXXXIV.

332 1598 520 1634 Joltanncs.
560 1608 655 1642 papa
684 1595 806 1630 XXII.
843 1596 981 1629 mandat
1023 1595 1152 1629 decano
1197 1594 1425 1637 Olomucensi‚
1468 1597 1503 1627 ut
1532 1592 1622 1627 bona
1663 1605 1685 1627 a
1713 1595 1922 1628 monasterio
1960 1593 2202 1628 Oslawanensi

407 1670 473 1704 per
501 1658 664 1704 quosdam
692 1657 868 1701 maleficos
896 1655 1017 1690 ablata
1046 1657 1184 1690 restitui
1211 1659 1321 1690 curet.
1352 1654 1412 1688 Dt.
1443 1654 1622 1688 Arenione
1651 1653 1713 1689 IV.
1744 1654 1864 1688 Nonas
1892 1654 1982 1699 Majt
2009 1652 2122 1688 1318.

509 1742 703 1797 Johannes
732 1765 910 1808 episcopus
938 1772 1057 1795 seruus
1085 1771 1259 1795 seruorum
1289 1759 1353 1803 dei,
1383 1759 1511 1793 Dilecto
1541 1758 1605 1793 lilio
1635 1786 1642 1793 .
1675 1786 1680 1792 .
1711 1758 1850 1793 Decano
1879 1758 2022 1792 ecclesie
2052 1757 2195 1792 Oloniu-

337 1826 459 1865 censis,
491 1823 638 1857 Salutem
668 1827 699 1857 et
728 1823 944 1869 apostolicam
974 1822 1259 1856 benediccionem.
1290 1821 1530 1866 Signilicarunt
1557 1819 1653 1854 nobis
1681 1819 1798 1853 dilecte
1832 1822 1864 1853 in
1893 1818 2024 1853 Christo
2056 1817 2120 1853 filie
2150 1845 2156 1852 .
2190 1846 2198 1853 .

337 1884 519 1919 Abbatissa
550 1890 582 1919 et
610 1886 803 1919 Couuentus
831 1883 1024 1928 Monasterij
1055 1886 1085 1917 in
1123 1882 1290 1925 Osslauia,
1327 1881 1559 1916 Cisterciensis
1597 1880 1742 1924 Ordinis,
1780 1880 2012 1914 Olomuceusis
2040 1879 2197 1923 diocesis,

338 1945 425 1990 quod
455 1946 576 1979 nonulli
606 1949 783 1991 iniquitatis
813 1945 879 1990 filij,
909 1955 992 1990 quos
1029 1955 1167 1990 prorsus
1202 1946 1359 1988 ignorant
1392 1943 1552 1985 decimas,
1588 1941 1747 1984 redditus,
1783 1952 1917 1984 census,
1953 1943 2200 1986 possessiones,

338 2006 461 2049 legata,
491 2009 705 2040 instrumenta
737 2006 877 2053 publica,
907 2010 940 2039 et
967 2005 1108 2051 quedam
1138 2004 1201 2038 alia
1231 2004 1317 2038 bona
1351 2003 1392 2037 ad
1427 2002 1666 2037 Monasterium
1702 2005 1807 2049 ipsum
1840 2003 2031 2048 spectancia
2061 2005 2200 2045 temere,

339 2078 379 2100 ac
408 2067 577 2100 maliciose
606 2068 786 2110 occultare,
817 2071 849 2101 ct
883 2066 1012 2100 occulte
1046 2066 1194 2100 detinere
1223 2069 1429 2112 presumunt,
1472 2075 1538 2098 non
1567 2067 1723 2097 curantes
1764 2074 1805 2097 ea
1834 2062 1927 2096 dictis
1955 2061 2137 2096 Abbatisse
2166 2066 2200 2096 et

339 2128 524 2162 Conuentui
554 2127 726 2170 exhihere,
769 2131 799 2161 in
829 2131 1012 2161 animarum
1055 2138 1189 2161 suarum
1231 2126 1424 2172 periculum,
1468 2129 1502 2159 et
1529 2124 1712 2159 earundem
1740 2123 1920 2158 Abbatisse
1948 2127 1981 2156 ct
2009 2122 2202 2157 Conuentus

340 2201 379 2223 ac
408 2188 604 2233 Monastcrij
635 2199 699 2222 non
731 2189 892 2222 modicum
921 2188 1164 2231 detrimentum,
1187 2199 1287 2234 super
1308 2198 1373 2233 quo
1397 2186 1513 2221 eedem
1536 2186 1716 2221 Abbatissa
1739 2189 1771 2219 et
1794 2184 1986 2219 Conucntus
2015 2184 2201 2231 apostolice

340 2250 430 2284 sedis
459 2250 640 2284 remedium
670 2249 892 2295 implorarunt.
924 2250 1090 2290 Quocirca
1120 2249 1317 2283 discrecioni
1348 2253 1401 2282 tue
1430 2259 1491 2294 per
1518 2247 1700 2293 apostolica
1729 2247 1852 2291 scripta
1881 2245 2089 2290 mandamus,
2112 2256 2202 2292 qua-

339 2315 438 2345 tenus
467 2322 583 2345 omnes
613 2310 797 2344 huiusmodi
827 2310 975 2343 occultos
1004 2310 1193 2344 detentores
1223 2309 1436 2353 deeimarum,
1467 2308 1649 2343 reddituum
1687 2310 1719 2340 et
1754 2306 1891 2339 aliorum
1928 2306 2090 2340 bonorum
2119 2317 2203 2353 pre-

341 2372 514 2415 dictorum,
544 2383 588 2405 cx
617 2375 710 2418 parte
740 2375 851 2404 nostra
882 2370 1009 2416 publice
1039 2374 1070 2404 in
1100 2371 1257 2415 ecclcsijs
1285 2381 1398 2404 coram
1430 2369 1550 2416 populo
1584 2378 1643 2413 per
1671 2371 1712 2405 te,
1750 2367 1800 2400 uel
1831 2378 1890 2413 per
1917 2367 2015 2401 alium
2049 2378 2201 2410 moneas,

344 2437 376 2465 ut
405 2432 487 2466 infra
517 2436 748 2478 conpetentem
778 2434 963 2473 terminum,
994 2443 1088 2476 quem
1119 2435 1166 2465 cis
1196 2431 1382 2477 prelixeris.
1417 2442 1456 2464 ca
1493 2428 1648 2476 predictis
1683 2427 1863 2461 Aliliatisse
1898 2433 1931 2462 ct
1965 2428 2151 2463 Conuentui
2180 2439 2198 2462 a

344 2504 381 2527 Se
410 2493 517 2527 debita
549 2497 732 2535 restituant,
762 2497 793 2526 et
821 2492 981 2533 reuelent,
1024 2504 1063 2525 ae
1092 2493 1131 2525 de
1162 2495 1239 2538 ipsis
1281 2492 1411 2538 plenam
1441 2494 1472 2524 ct
1500 2489 1641 2522 debitam
1685 2489 1954 2523 satisfaccionem
1997 2488 2200 2535 impendant,

343 2553 384 2586 Et
412 2557 438 2587 si
469 2555 497 2587 id
528 2566 592 2588 non
623 2554 830 2600 impleuerint
859 2552 940 2586 infra
971 2553 1068 2586 alium
1099 2556 1272 2586 terminum
1303 2555 1558 2598 competentem,
1595 2561 1690 2595 quem
1726 2553 1775 2583 eis
1810 2549 1849 2583 ad
1880 2549 1942 2583 lioc
1978 2551 2201 2596 peremptorie

344 2614 480 2648 duxeris
510 2615 749 2660 preligeinlum.
787 2619 909 2649 extunc
952 2617 981 2647 in
1012 2625 1070 2646 cos
1112 2613 1304 2654 generalem
1348 2614 1702 2646 excommunicationis
1743 2614 1947 2645 sentenciam
1977 2610 2141 2657 prol'eraS.
2171 2614 2203 2644 et
