2341 3005
1042 163 1113 197 187

144 279 281 326 speciali
308 278 534 323 concedimus,
564 283 600 313 vt
627 281 660 313 in
688 278 780 314 siluis
808 280 930 312 nostris
958 277 1176 312 vicinioribus
1203 280 1266 324 ipsi
1294 277 1500 313 Monasterio
1533 280 1623 325 ligna
1657 292 1715 327 pro
1750 284 1841 327 igne,
1876 293 1914 316 ac
1944 281 2010 316 do-

144 340 249 375 mibus
277 351 392 374 earum
421 339 542 374 ibidem
571 339 764 375 edificandis
792 342 998 377 necessaria,
1034 339 1138 373 libere
1173 343 1205 373 et
1239 342 1312 373 sine
1347 339 1485 374 alicuius
1520 342 1790 378 contradiccione
1825 343 2006 378 succidant.

144 401 303 436 Volentes
332 404 468 448 insuper
487 406 522 435 ἡ
543 400 782 435 Monasterium
804 402 910 446 ipsum
939 404 971 434 in
1001 403 1285 446 supranominatis
1313 400 1410 435 honis
1431 401 1492 435 sibi
1528 403 1666 438 collatis.
1696 409 1727 438 et
1755 416 1819 450 que
1850 408 2009 450 acquiret,

144 462 201 497 vel
227 465 259 496 ei
288 462 513 505 conferentur,
544 465 748 509 inposterum
776 461 913 507 speciali
943 461 1087 505 gaudeat
1115 461 1278 506 libertate,
1309 473 1426 496 omues
1450 462 1601 497 homines
1631 467 1662 498 in
1688 465 1782 499 bonis
1805 469 1907 513 ipsius
1930 466 2010 501 Mo-

144 525 279 569 nasterij
302 523 502 567 residentes,
525 522 565 558 ab
587 525 676 557 omni
695 521 886 557 officialium
907 527 939 556 et
963 522 1255 557 Beneficiariorum
1280 523 1403 558 Tocius
1426 524 1531 559 Terre
1556 530 1668 559 nostre
1689 526 1850 562 Morauie.
1879 527 2010 562 Judicio

144 589 177 620 et
196 584 444 620 Jurisdiccione
472 588 661 619 eximimus.
691 589 724 618 et
751 596 827 619 esse
849 583 1002 618 volumus
1032 584 1072 618 ab
1101 596 1216 619 eorum
1245 589 1408 631 potestate
1431 591 1593 632 perpetuo
1617 587 1742 622 liberos
1763 593 1793 623 et
1821 594 2008 636 exemptos.⁴

143 646 191 681 lta
220 646 306 693 quod
335 646 518 681 Abbatissa
547 645 621 680 dicti
646 645 840 690 Monasterij
871 656 935 690 que
964 657 1051 680 nunc
1079 650 1140 680 est.
1170 651 1201 680 et
1230 658 1294 692 que
1322 658 1381 693 pro
1410 651 1561 694 tempore
1584 648 1691 692 suerit,
1722 660 1821 696 super
1844 650 2009 685 exibenda

143 707 184 742 de
211 707 401 742 hominibus
435 710 516 754 ipsis
549 710 677 741 iusticia
713 710 745 741 in
774 718 876 741 causa
912 707 1055 753 qualibet
1090 711 1295 753 requiratur,
1334 713 1367 742 et
1402 712 1433 743 in
1469 720 1666 755 quacunque
1698 722 1799 745 causa
1828 711 2008 746 Abbatissa

142 772 226 816 ipsa,
257 772 291 804 in
318 768 485 804 exibenda
514 768 554 803 de
583 768 770 802 hominibus
799 771 879 815 ipsis
907 771 1036 802 iusticia
1065 769 1145 804 Jure
1175 774 1262 804 terre
1290 769 1468 815 negligens
1503 770 1603 805 fuerit
1630 772 1684 806 vel
1717 775 1858 806 remissa
1887 778 1917 807 et
1947 773 2010 807 hoc

141 830 315 865 euidenter
342 834 375 865 et
401 829 648 865 racionabiliter
670 829 855 876 apparebit,
885 834 961 864 tunc
984 832 1016 864 in
1037 842 1139 865 causa
1163 831 1214 865 illa
1237 831 1278 865 ad
1299 831 1464 883 Judic—ium
1487 837 1519 866 et
1540 832 1774 868 beneficiarios
1790 834 2006 869 Brunnenses

141 902 202 938 per
235 896 491 937 conquerentes,
529 902 589 938 pro
625 891 792 925 exibenda
828 891 869 925 de
904 891 1091 925 hominibus
1129 892 1284 938 predictis
1319 896 1446 927 iusticia
1483 893 1644 928 habeatur
1677 906 1843 929 recursus.
1881 901 1911 929 et
1949 899 2009 942 ipsi

141 952 344 998 beneficiarij
381 941 505 988 extunc
538 953 578 987 de
620 952 807 987 hominibus
842 955 922 999 ipsis
951 953 1150 987 tenebuntur
1185 959 1215 988 et
1244 958 1397 1000 poterunt
1432 957 1464 989 in
1493 967 1595 1001 causa
1631 959 1700 1002 ipsa
1730 957 2009 1003 conquerentibus

141 1017 303 1049 iusticiam
332 1014 447 1049 facere
474 1015 555 1049 Jure
585 1020 682 1049 terre.
718 1019 749 1049 et
785 1017 812 1049 si
848 1019 924 1048 tunc
957 1015 1099 1060 aliquem
1134 1015 1302 1049 hominum
1336 1019 1482 1062 ipsorum
1518 1019 1550 1051 in
1586 1020 1658 1064 ipso
1688 1018 1850 1052 Brunensi
1880 1018 2010 1052 Judicio

140 1079 174 1111 in
201 1076 311 1122 aliqua
341 1078 483 1123 pecunia
512 1076 567 1111 vel
596 1088 632 1110 re
660 1076 723 1110 alia
752 1075 977 1121 beneficiarijs
1005 1079 1085 1122 ipsis
1116 1077 1335 1123 persoluenda
1366 1081 1542 1122 contigerit
1565 1079 1815 1125 condempnari.
1847 1083 1916 1126 ipsa
1945 1092 2010 1126 pe-

139 1140 238 1172 cunia
265 1138 320 1173 vel
348 1149 404 1172 res
432 1141 504 1184 ipsa
535 1149 599 1172 non
630 1141 709 1184 ipsis
739 1137 981 1183 Benefici-ariis.
1011 1138 1069 1172 sed
1099 1139 1246 1184 predicto
1274 1138 1481 1173 Monasterio
1509 1144 1574 1173 tota
1605 1141 1712 1174 cedat.
1765 1141 1803 1175 Et
1833 1145 1859 1175 si
1896 1141 2008 1175 forsan

141 1199 283 1246 aliquem
311 1199 366 1233 vel
395 1199 522 1246 aliquos
551 1199 591 1233 de
621 1199 807 1233 bominibus
836 1199 876 1233 ad
905 1198 1144 1233 Monasterium
1175 1203 1279 1246 ipsum
1316 1201 1555 1246 pertinentibus
1591 1202 1689 1236 talem
1719 1214 1898 1237 excessum
1928 1214 2011 1249 per-

140 1252 273 1307 petrare
307 1263 485 1306 contigerit
518 1261 573 1295 vel
609 1272 790 1304 excessus,
827 1265 961 1307 propter
995 1272 1092 1306 quem
1125 1261 1179 1295 vel
1219 1273 1301 1307 quos
1342 1273 1462 1308 penam
1498 1262 1609 1297 subire
1644 1263 1788 1298 debeant
1822 1264 2008 1311 capitalem.

140 1322 458 1369 Condempnacione
491 1333 593 1369 super
625 1321 687 1367 hijs
723 1322 844 1365 habita,
882 1322 970 1356 bona
1003 1325 1106 1368 ipsius
1141 1323 1374 1369 condempnati
1408 1335 1474 1358 non
1512 1324 1552 1358 ad
1581 1324 1662 1359 Nos.
1700 1337 1762 1360 nec
1792 1325 1832 1359 ad
1868 1326 2008 1372 aliquem

141 1383 319 1419 officialem
346 1384 402 1419 vel
430 1381 686 1419 Beneli'ciariuin
714 1388 876 1418 nostrum.
907 1383 965 1418 sed
995 1384 1035 1418 ad
1062 1383 1302 1418 Monasterium
1338 1388 1443 1431 ipsum
1479 1386 1621 1420 totaliter
1648 1387 1802 1421 volumus
1830 1390 2007 1434 pertinere.

141 1445 222 1480 Item
250 1448 278 1480 si
306 1448 339 1480 in
367 1444 464 1480 bonis
493 1445 533 1480 ad
562 1448 668 1492 ipsum
699 1445 940 1480 monasterium
975 1445 1215 1491 pertinentibus
1253 1446 1351 1480 talem
1387 1450 1566 1491 contigerit
1598 1451 1781 1494 perpetrari
1817 1460 2008 1483 excessum.

143 1496 279 1553 propter
307 1517 404 1552 quem
432 1506 520 1541 bona
549 1510 620 1553 ipsa
650 1518 709 1553 per
743 1507 888 1541 villicum
927 1518 986 1541 seu
1021 1507 1171 1541 Judicem
1209 1507 1450 1542 Prouincialem
1486 1513 1633 1543 nostrum
1668 1509 1826 1544 deberent
1862 1510 2007 1556 spoliari.

144 1567 295 1602 nolumus
323 1567 411 1613 quod
445 1567 532 1602 bona
568 1571 640 1614 ipsa
673 1580 733 1614 per
767 1568 888 1603 dictum
923 1568 1070 1602 villicum
1105 1580 1163 1603 seu
1198 1569 1347 1602 Judicem
1383 1570 1620 1615 prouincialem
1657 1570 1797 1604 debeant
1834 1576 2006 1617 propterea

140 1629 288 1676 spoliari,
318 1640 380 1663 nec
409 1629 494 1674 quod
525 1631 596 1675 ipse
624 1629 754 1664 villicus
782 1640 841 1664 seu
869 1629 979 1664 Judex
1007 1630 1221 1676 prouincialis
1250 1630 1290 1664 de
1319 1634 1537 1665 correccione
1566 1631 1750 1665 huiusmodi
1780 1643 1943 1665 excessus
1973 1644 2008 1665 se

141 1690 352 1736 aliquomodo
381 1693 582 1725 intromittat.
611 1690 728 1725 Ymmo
757 1690 971 1726 concedimus
1000 1696 1031 1726 et
1053 1691 1217 1725 volumus.
1247 1695 1281 1725 vt
1298 1691 1479 1726 Abbatissa
1503 1692 1661 1738 predicta.
1687 1693 1740 1727 vel
1762 1696 1833 1727 eius
1855 1692 2007 1727 officialis

141 1751 240 1786 talem
269 1763 450 1786 excessum
478 1755 635 1798 corrigat.
665 1757 761 1798 prout
789 1752 851 1787 sibi
879 1752 1045 1787 videbitur
1073 1752 1244 1799 expedire.
1281 1752 1456 1787 Premissis
1486 1758 1596 1787 autem
1626 1753 1831 1788 libertatibus
1859 1754 1919 1801 per
1946 1765 2008 1788 nos

141 1812 333 1860 supradicto
361 1812 565 1848 Monasterio
600 1817 790 1857 concessis,
826 1813 913 1848 lianc
947 1817 1054 1848 eciam
1090 1814 1249 1848 adicimus
1283 1813 1485 1857 libertatem,
1520 1819 1555 1849 vt
1587 1815 1664 1849 nulli
1701 1815 1912 1860 Theloncarij
1953 1816 2009 1849 vel

141 1873 313 1909 Thelonea
355 1874 566 1921 possidentes
596 1886 656 1921 per
697 1879 798 1909 totum
827 1880 973 1910 nostrum
1003 1875 1182 1910 dominium
1213 1875 1253 1909 ab
1292 1874 1478 1909 bominibus
1520 1880 1553 1910 et
1594 1876 1744 1911 curribus
1786 1879 1888 1923 ipsius
1929 1876 2010 1911 Mo-

141 1937 290 1981 nasterij,
319 1939 433 1970 vinum
464 1935 606 1970 bladum.
636 1941 668 1970 et
689 1936 752 1970 alia
776 1948 835 1982 pro
850 1936 1031 1971 Abbatisse
1050 1941 1080 1971 et
1103 1941 1288 1971 conuentus
1309 1937 1500 1970 monialium
1522 1937 1742 1983 predictarum
1762 1941 2010 1972 sustentacione

143 1996 312 2041 victualia,
342 2001 375 2031 et
401 2008 456 2031 res
485 1997 578 2039 alias,
609 1997 663 2031 vel
692 1998 781 2043 ligna
811 2008 870 2044 pro
899 2009 1013 2032 earum
1042 1998 1180 2043 edificijs
1209 1998 1438 2041 educentibus,
1473 1999 1592 2044 aliquid
1628 2002 1761 2033 nomine
1797 1999 1939 2034 tlielonei
1976 2003 2006 2033 in

142 2062 336 2105 perpetuum
364 2061 503 2104 exigant
531 2058 584 2092 vel
612 2061 792 2103 requirant.
823 2058 962 2106 Insuper
989 2062 1064 2105 quia
1094 2062 1200 2093 eciam
1229 2059 1334 2105 plenis
1363 2059 1536 2104 desiderijs
1571 2060 1774 2095 all'ectamus.
1794 2085 1795 2088 ,
1814 2066 1847 2095 vt
1883 2060 2007 2094 Mona-

142 2121 278 2153 sterium
306 2119 501 2166 predictum,
531 2122 624 2154 cuius
654 2119 890 2154 fundacionem
918 2126 1109 2167 reputamus
1138 2125 1168 2155 et
1199 2120 1340 2154 fatemur
1360 2126 1504 2155 nostram
1527 2133 1603 2156 esse
1625 2125 1826 2168 primariam,
1850 2125 2008 2166 cuiusque

142 2184 363 2226 promotores,
391 2185 425 2215 et
453 2181 647 2216 fundatores
678 2181 879 2227 principales
907 2193 984 2216 esse
1006 2182 1159 2216 volumus
1188 2186 1219 2215 et
1241 2185 1373 2215 censeri
1396 2194 1456 2228 per
1479 2186 1653 2228 graciosas
1676 2188 1706 2217 et
1730 2183 1854 2229 amplas
1878 2187 2008 2216 nostras

142 2244 394 2286 concessiones,
424 2242 602 2277 libertates.
634 2245 866 2285 immunitates,
897 2247 928 2277 et
956 2246 1101 2289 gracias.
1133 2254 1214 2289 quas
1244 2243 1303 2277 sibi
1330 2243 1469 2278 libenter
1495 2244 1635 2278 facimus
1658 2249 1754 2290 atque
1777 2244 1903 2278 damus.
1933 2255 2006 2277 cum

142 2313 186 2337 ex
215 2305 265 2337 eis
300 2313 366 2337 non
402 2302 601 2338 dubitemus.
639 2303 734 2338 nobis
771 2314 925 2338 serenum
962 2303 1051 2338 same
1084 2304 1226 2338 celebris
1261 2307 1292 2338 in
1328 2308 1423 2339 terris
1458 2308 1632 2351 acquirere
1665 2308 1877 2352 preconium,
1911 2309 1943 2338 et
1975 2307 2006 2337 in

142 2363 224 2398 celis
253 2366 445 2398 meritorum
474 2364 729 2399 retribucionem
759 2364 986 2399 thesaurizare
1015 2365 1179 2399 salubrem
1204 2368 1367 2400 continuis
1392 2366 1541 2412 proliciat
1565 2368 1788 2401 incrementis.
1819 2364 1879 2399 lias
1901 2368 2005 2399 eciam

143 2424 273 2471 prefato
305 2424 511 2459 Monasterio
545 2425 712 2461 libertates
747 2425 962 2460 concedimus
994 2430 1167 2472 graciose.
1207 2431 1238 2460 et
1274 2428 1464 2473 specialiter
1497 2428 1582 2462 lianc
1617 2427 1755 2462 facimus
1790 2430 1937 2471 graciam
1974 2429 2004 2460 in

143 2490 336 2533 perpetuum
366 2486 567 2529 duraturam,
606 2487 693 2532 quod
722 2490 749 2522 si
778 2487 994 2522 Abbatissaru
1029 2488 1104 2522 dicti
1140 2487 1333 2533 Monasterij
1372 2501 1431 2535 pro
1465 2489 1626 2535 aliquibus
1661 2488 1756 2523 bonis
1790 2488 1918 2522 collatis
1952 2488 2005 2521 vel

142 2547 357 2582 conserendis
385 2550 446 2594 ipsi
475 2547 680 2583 Monastcrio
708 2551 885 2593 contigerit
914 2551 1042 2594 impeti,
1079 2561 1139 2595 per
1171 2561 1411 2597 quemcumque
1444 2562 1545 2597 super
1579 2550 1641 2595 liijs
1677 2561 1741 2584 non
1779 2549 1873 2592 alibi,
1909 2560 2005 2594 quam

142 2619 257 2643 coram
286 2609 393 2643 nobis.
423 2608 477 2643 vel
505 2611 530 2642 si
561 2620 621 2643 nos
650 2609 690 2643 de
714 2610 833 2655 Regno
856 2614 970 2644 nostro
991 2609 1148 2645 absentes
1170 2622 1332 2649 essemus,
1358 2616 1433 2646 tunc
1455 2622 1568 2645 coram
1591 2612 1771 2657 Capitanco
1793 2610 1846 2644 vel
1869 2610 2006 2645 Summo

144 2669 371 2704 Cammerario
407 2674 495 2704 terre
523 2675 635 2704 nostre
667 2670 819 2705 Morauie
855 2675 1006 2705 teneatur
1039 2673 1204 2717 impetenti
1239 2671 1422 2707 huiusmodi
1456 2672 1674 2719 respondere,
1710 2670 1862 2717 quodque
1895 2674 2004 2705 omnia

1739 2731 1797 2760 24*
