<?xml version="1.0" encoding="UTF-8"?>
<!DOCTYPE html PUBLIC "-//W3C//DTD XHTML 1.0 Transitional//EN"
    "http://www.w3.org/TR/xhtml1/DTD/xhtml1-transitional.dtd">
<html xmlns="http://www.w3.org/1999/xhtml" xml:lang="en" lang="en">
 <head>
  <title>
</title>
<meta http-equiv="Content-Type" content="text/html;charset=utf-8" />
  <meta name='ocr-system' content='tesseract 3.04.00' />
  <meta name='ocr-capabilities' content='ocr_page ocr_carea ocr_par ocr_line ocrx_word'/>
</head>
<body>
  <div class='ocr_page' id='page_1' title='image "./codexdiplomaticu06morauoft_0263.png"; bbox 0 0 2341 3005; ppageno 0'>
   <div class='ocr_carea' id='block_1_1' title="bbox 170 261 2042 370">
    <p class='ocr_par' dir='ltr' id='par_1_1' title="bbox 170 261 2042 370">
     <span class='ocr_line' id='line_1_1' title="bbox 170 261 2042 311; baseline -0.001 -12"><span class='ocrx_word' id='word_1_1' title='bbox 170 268 202 300; x_wconf 90' lang='lat' dir='ltr'>in</span> <span class='ocrx_word' id='word_1_2' title='bbox 231 268 453 299; x_wconf 83' lang='lat' dir='ltr'>testimonium</span> <span class='ocrx_word' id='word_1_3' title='bbox 483 263 715 311; x_wconf 88' lang='lat' dir='ltr'>appendendo.</span> <span class='ocrx_word' id='word_1_4' title='bbox 770 262 891 297; x_wconf 85' lang='lat' dir='ltr'>Datum</span> <span class='ocrx_word' id='word_1_5' title='bbox 919 262 1054 296; x_wconf 84' lang='lat' dir='ltr'>Bruime</span> <span class='ocrx_word' id='word_1_6' title='bbox 1083 262 1184 296; x_wconf 78' lang='lat' dir='ltr'>Anno</span> <span class='ocrx_word' id='word_1_7' title='bbox 1214 262 1335 306; x_wconf 78' lang='lat' dir='ltr'>(lotnini</span> <span class='ocrx_word' id='word_1_8' title='bbox 1370 261 1544 296; x_wconf 76' lang='lat' dir='ltr'>Millesimo</span> <span class='ocrx_word' id='word_1_9' title='bbox 1574 262 1825 298; x_wconf 73' lang='lat' dir='ltr'>Trecentesimo</span> <span class='ocrx_word' id='word_1_10' title='bbox 1855 266 2042 298; x_wconf 69' lang='lat' dir='ltr'>vicesimo-</span> 
     </span>
     <span class='ocr_line' id='line_1_2' title="bbox 170 324 764 370; baseline -0.005 -9"><span class='ocrx_word' id='word_1_11' title='bbox 170 330 283 370; x_wconf 67' lang='lat' dir='ltr'>tercio,</span> <span class='ocrx_word' id='word_1_12' title='bbox 313 325 419 360; x_wconf 72' lang='lat' dir='ltr'>ww.</span> <span class='ocrx_word' id='word_1_13' title='bbox 450 325 526 360; x_wconf 87' lang='lat' dir='ltr'>Idus</span> <span class='ocrx_word' id='word_1_14' title='bbox 555 324 764 360; x_wconf 76' lang='lat' dir='ltr'>Nouembris.</span> 
     </span>
    </p>
   </div>
   <div class='ocr_carea' id='block_1_2' title="bbox 481 394 2038 479">
    <p class='ocr_par' dir='ltr' id='par_1_2' title="bbox 481 394 2038 479">
     <span class='ocr_line' id='line_1_3' title="bbox 481 394 2038 432; baseline 0.001 -11"><span class='ocrx_word' id='word_1_15' title='bbox 481 397 569 431; x_wconf 69' lang='lat' dir='ltr'>(orig.</span> <span class='ocrx_word' id='word_1_16' title='bbox 595 397 738 422; x_wconf 79' lang='lat' dir='ltr'>membran.</span> <span class='ocrx_word' id='word_1_17' title='bbox 764 404 822 421; x_wconf 87' lang='lat' dir='ltr'>cum</span> <span class='ocrx_word' id='word_1_18' title='bbox 847 395 939 429; x_wconf 67' lang='lat' dir='ltr'>sigillo</span> <span class='ocrx_word' id='word_1_19' title='bbox 956 395 1023 421; x_wconf 78' lang='lat' dir='ltr'>hene</span> <span class='ocrx_word' id='word_1_20' title='bbox 1039 398 1202 421; x_wconf 80' lang='lat' dir='ltr'>conservato</span> <span class='ocrx_word' id='word_1_21' title='bbox 1221 395 1245 421; x_wconf 89' lang='lat' dir='ltr'>iu</span> <span class='ocrx_word' id='word_1_22' title='bbox 1261 394 1372 421; x_wconf 66' lang='lat' dir='ltr'>archivo</span> <span class='ocrx_word' id='word_1_23' title='bbox 1396 395 1551 421; x_wconf 80' lang='lat' dir='ltr'>monasterii</span> <span class='ocrx_word' id='word_1_24' title='bbox 1579 396 1666 430; x_wconf 66' lang='lat' dir='ltr'>..Aula</span> <span class='ocrx_word' id='word_1_25' title='bbox 1688 398 1715 423; x_wconf 84' lang='lat' dir='ltr'>S.</span> <span class='ocrx_word' id='word_1_26' title='bbox 1731 396 1836 423; x_wconf 70' lang='lat' dir='ltr'>uariw-</span> <span class='ocrx_word' id='word_1_27' title='bbox 1864 396 1933 432; x_wconf 86' lang='lat' dir='ltr'>apud</span> <span class='ocrx_word' id='word_1_28' title='bbox 1954 396 1983 423; x_wconf 88' lang='lat' dir='ltr'>C.</span> <span class='ocrx_word' id='word_1_29' title='bbox 2010 396 2038 423; x_wconf 76' lang='lat' dir='ltr'>R.</span> 
     </span>
     <span class='ocr_line' id='line_1_4' title="bbox 586 447 1154 479; baseline 0 -4"><span class='ocrx_word' id='word_1_30' title='bbox 586 449 702 476; x_wconf 75' lang='lat' dir='ltr'>(iubet-n.</span> <span class='ocrx_word' id='word_1_31' title='bbox 726 448 828 475; x_wconf 77' lang='lat' dir='ltr'>Brunae.</span> <span class='ocrx_word' id='word_1_32' title='bbox 854 449 903 474; x_wconf 85' lang='lat' dir='ltr'>sub</span> <span class='ocrx_word' id='word_1_33' title='bbox 929 448 957 474; x_wconf 86' lang='lat' dir='ltr'>lit</span> <span class='ocrx_word' id='word_1_34' title='bbox 983 449 1013 475; x_wconf 87' lang='lat' dir='ltr'>G.</span> <span class='ocrx_word' id='word_1_35' title='bbox 1039 457 1063 475; x_wconf 88' lang='lat' dir='ltr'>n.</span> <span class='ocrx_word' id='word_1_36' title='bbox 1093 447 1154 479; x_wconf 79' lang='grc'><strong>11.)</strong></span> 
     </span>
    </p>
   </div>
   <div class='ocr_carea' id='block_1_3' title="bbox 171 543 2042 728">
    <p class='ocr_par' dir='ltr' id='par_1_3' title="bbox 171 543 2042 728">
     <span class='ocr_line' id='line_1_5' title="bbox 1034 543 1174 578; baseline 0 0"><span class='ocrx_word' id='word_1_37' title='bbox 1034 543 1174 578; x_wconf 75' lang='lat' dir='ltr'>CCLIV.</span> 
     </span>
     <span class='ocr_line' id='line_1_6' title="bbox 171 614 2042 662; baseline -0.001 -11"><span class='ocrx_word' id='word_1_38' title='bbox 171 617 337 651; x_wconf 75' lang='lat' dir='ltr'><em>Nonnulli</em></span> <span class='ocrx_word' id='word_1_39' title='bbox 368 618 523 662; x_wconf 74' lang='lat' dir='ltr'>episcopi</span> <span class='ocrx_word' id='word_1_40' title='bbox 557 616 750 661; x_wconf 71' lang='lat' dir='ltr'>luryz’mttur</span> <span class='ocrx_word' id='word_1_41' title='bbox 779 615 1003 660; x_wconf 77' lang='lat' dir='ltr'><em>parrochiali</em></span> <span class='ocrx_word' id='word_1_42' title='bbox 1033 615 1190 649; x_wconf 57' lang='lat' dir='ltr'>eccles-ise</span> <span class='ocrx_word' id='word_1_43' title='bbox 1231 614 1269 649; x_wconf 87' lang='lat' dir='ltr'>S.</span> <span class='ocrx_word' id='word_1_44' title='bbox 1306 614 1435 649; x_wconf 78' lang='lat' dir='ltr'>Jacoln‘</span> <span class='ocrx_word' id='word_1_45' title='bbox 1467 618 1501 649; x_wconf 80' lang='lat' dir='ltr'>el</span> <span class='ocrx_word' id='word_1_46' title='bbox 1541 614 1571 649; x_wconf 84' lang='grc' dir='ltr'>Ι).</span> <span class='ocrx_word' id='word_1_47' title='bbox 1607 615 1730 649; x_wconf 72' lang='lat' dir='ltr'>Marioe</span> <span class='ocrx_word' id='word_1_48' title='bbox 1765 617 1796 649; x_wconf 75' lang='lat' dir='ltr'>in</span> <span class='ocrx_word' id='word_1_49' title='bbox 1834 616 2042 650; x_wconf 68' lang='lat' dir='ltr'>Xaasedlicz·</span> 
     </span>
     <span class='ocr_line' id='line_1_7' title="bbox 174 676 2041 728; baseline -0.001 -16"><span class='ocrx_word' id='word_1_50' title='bbox 174 677 389 728; x_wconf 70' lang='lat' dir='ltr'>(Slaiclz‘otc)</span> <span class='ocrx_word' id='word_1_51' title='bbox 422 677 651 722; x_wconf 69' lang='lat' dir='ltr'>imlulyentias</span> <span class='ocrx_word' id='word_1_52' title='bbox 680 677 754 711; x_wconf 76' lang='lat' dir='ltr'>XL.</span> <span class='ocrx_word' id='word_1_53' title='bbox 785 677 928 711; x_wconf 76' lang='lat' dir='ltr'>dierum.</span> <span class='ocrx_word' id='word_1_54' title='bbox 968 677 1014 710; x_wconf 80' lang='lat' dir='ltr'>dt.</span> <span class='ocrx_word' id='word_1_55' title='bbox 1045 676 1074 710; x_wconf 73' lang='lat' dir='ltr'><strong><em>A</em></strong></span> <span class='ocrx_word' id='word_1_56' title='bbox 1085 678 1219 711; x_wconf 75' lang='lat' dir='ltr'>cz&#39;m&#39;one</span> <span class='ocrx_word' id='word_1_57' title='bbox 1247 676 1313 710; x_wconf 83' lang='lat' dir='ltr'>IX.</span> <span class='ocrx_word' id='word_1_58' title='bbox 1344 676 1559 711; x_wconf 66' lang='lat' dir='ltr'>Norembrix.</span> <span class='ocrx_word' id='word_1_59' title='bbox 1593 676 1705 719; x_wconf 74' lang='lat'><em>1323.</em></span> <span class='ocrx_word' id='word_1_60' title='bbox 1736 689 1820 722; x_wconf 73' lang='lat' dir='ltr'>qaas</span> <span class='ocrx_word' id='word_1_61' title='bbox 1852 678 2041 712; x_wconf 72' lang='lat' dir='ltr'>Comedus.</span> 
     </span>
    </p>
   </div>
   <div class='ocr_carea' id='block_1_4' title="bbox 172 738 2041 834">
    <p class='ocr_par' dir='ltr' id='par_1_4' title="bbox 172 738 2041 834">
     <span class='ocr_line' id='line_1_8' title="bbox 172 738 2041 785; baseline 0.001 -12"><span class='ocrx_word' id='word_1_62' title='bbox 172 741 353 785; x_wconf 74' lang='lat' dir='ltr'>episcopus</span> <span class='ocrx_word' id='word_1_63' title='bbox 389 739 622 773; x_wconf 66' lang='lat' dir='ltr'>olonzac-ensis</span> <span class='ocrx_word' id='word_1_64' title='bbox 658 740 837 783; x_wconf 80' lang='lat' dir='ltr'>confirmat</span> <span class='ocrx_word' id='word_1_65' title='bbox 873 741 906 772; x_wconf 81' lang='lat' dir='ltr'>el</span> <span class='ocrx_word' id='word_1_66' title='bbox 943 738 1022 772; x_wconf 72' lang='lat' dir='ltr'>aliis</span> <span class='ocrx_word' id='word_1_67' title='bbox 1056 738 1131 772; x_wconf 78' lang='lat' dir='ltr'>XL.</span> <span class='ocrx_word' id='word_1_68' title='bbox 1166 739 1294 772; x_wconf 74' lang='lat' dir='ltr'>dierum</span> <span class='ocrx_word' id='word_1_69' title='bbox 1331 742 1446 784; x_wconf 60' lang='lat' dir='ltr'>(lasset.</span> <span class='ocrx_word' id='word_1_70' title='bbox 1477 738 1536 772; x_wconf 84' lang='lat' dir='ltr'>Dt.</span> <span class='ocrx_word' id='word_1_71' title='bbox 1567 738 1696 773; x_wconf 75' lang='lat' dir='ltr'>Bremae</span> <span class='ocrx_word' id='word_1_72' title='bbox 1724 738 1864 773; x_wconf 64' lang='lat' dir='ltr'>XVIII.</span> <span class='ocrx_word' id='word_1_73' title='bbox 1894 740 2041 774; x_wconf 75' lang='lat' dir='ltr'>Kalend.</span> 
     </span>
     <span class='ocr_line' id='line_1_9' title="bbox 950 799 1255 834; baseline 0 -1"><span class='ocrx_word' id='word_1_74' title='bbox 950 799 1116 833; x_wconf 74' lang='lat' dir='ltr'>,Ianuarii</span> <span class='ocrx_word' id='word_1_75' title='bbox 1144 799 1255 834; x_wconf 79' lang='lat'><em>1323.</em></span> 
     </span>
    </p>
   </div>
   <div class='ocr_carea' id='block_1_5' title="bbox 171 859 2047 2708">
    <p class='ocr_par' dir='ltr' id='par_1_5' title="bbox 171 859 2047 2708">
     <span class='ocr_line' id='line_1_10' title="bbox 344 859 2042 926; baseline 0.001 -13"><span class='ocrx_word' id='word_1_76' title='bbox 344 859 381 914; x_wconf 44' lang='lat' dir='ltr'>x</span> <span class='ocrx_word' id='word_1_77' title='bbox 401 882 543 914; x_wconf 87' lang='lat' dir='ltr'>niuersis</span> <span class='ocrx_word' id='word_1_78' title='bbox 572 883 687 913; x_wconf 85' lang='lat' dir='ltr'>sancte</span> <span class='ocrx_word' id='word_1_79' title='bbox 715 882 829 913; x_wconf 86' lang='lat' dir='ltr'>matris</span> <span class='ocrx_word' id='word_1_80' title='bbox 858 879 1003 913; x_wconf 86' lang='lat' dir='ltr'>ecclesie</span> <span class='ocrx_word' id='word_1_81' title='bbox 1033 878 1194 922; x_wconf 68' lang='lat' dir='ltr'>fidelibus.</span> <span class='ocrx_word' id='word_1_82' title='bbox 1226 879 1266 913; x_wconf 91' lang='lat' dir='ltr'>ad</span> <span class='ocrx_word' id='word_1_83' title='bbox 1288 890 1371 925; x_wconf 84' lang='lat' dir='ltr'>quos</span> <span class='ocrx_word' id='word_1_84' title='bbox 1392 885 1567 926; x_wconf 70' lang='lat' dir='ltr'>presentes</span> <span class='ocrx_word' id='word_1_85' title='bbox 1589 881 1696 914; x_wconf 90' lang='lat' dir='ltr'>littere</span> <span class='ocrx_word' id='word_1_86' title='bbox 1720 884 1944 926; x_wconf 86' lang='lat' dir='ltr'>perueneriut.</span> <span class='ocrx_word' id='word_1_87' title='bbox 1973 880 2042 915; x_wconf 75' lang='lat' dir='ltr'>Nos</span> 
     </span>
     <span class='ocr_line' id='line_1_11' title="bbox 171 940 2042 988; baseline 0 -12"><span class='ocrx_word' id='word_1_88' title='bbox 171 944 394 976; x_wconf 82' lang='lat' dir='ltr'>miseracione</span> <span class='ocrx_word' id='word_1_89' title='bbox 423 941 532 975; x_wconf 88' lang='lat' dir='ltr'>diuina</span> <span class='ocrx_word' id='word_1_90' title='bbox 563 940 720 975; x_wconf 81' lang='lat' dir='ltr'>Andreas</span> <span class='ocrx_word' id='word_1_91' title='bbox 749 940 1022 987; x_wconf 77' lang='lat' dir='ltr'>archiepiscopus</span> <span class='ocrx_word' id='word_1_92' title='bbox 1051 940 1286 975; x_wconf 79' lang='lat' dir='ltr'>Antibarensis</span> <span class='ocrx_word' id='word_1_93' title='bbox 1323 941 1486 975; x_wconf 84' lang='lat' dir='ltr'>Silhertus</span> <span class='ocrx_word' id='word_1_94' title='bbox 1522 945 1699 988; x_wconf 86' lang='lat' dir='ltr'>episcopus</span> <span class='ocrx_word' id='word_1_95' title='bbox 1724 970 1730 976; x_wconf 91' lang='lat'>.</span> <span class='ocrx_word' id='word_1_96' title='bbox 1757 970 1763 976; x_wconf 93' lang='lat'>.</span> <span class='ocrx_word' id='word_1_97' title='bbox 1793 942 2042 981; x_wconf 79' lang='lat' dir='ltr'>nachdiueusis.</span> 
     </span>
     <span class='ocr_line' id='line_1_12' title="bbox 171 1002 2044 1050; baseline 0 -13"><span class='ocrx_word' id='word_1_98' title='bbox 171 1003 366 1037; x_wconf 76' lang='lat' dir='ltr'>lfrauciscus</span> <span class='ocrx_word' id='word_1_99' title='bbox 409 1005 586 1049; x_wconf 77' lang='lat' dir='ltr'>episcopus</span> <span class='ocrx_word' id='word_1_100' title='bbox 629 1002 820 1036; x_wconf 86' lang='lat' dir='ltr'>Tractensis</span> <span class='ocrx_word' id='word_1_101' title='bbox 864 1002 1050 1047; x_wconf 70' lang='lat' dir='ltr'>Gregorius</span> <span class='ocrx_word' id='word_1_102' title='bbox 1094 1002 1272 1036; x_wconf 87' lang='lat' dir='ltr'>ss&#39;eltrensis</span> <span class='ocrx_word' id='word_1_103' title='bbox 1315 1007 1345 1037; x_wconf 90' lang='lat' dir='ltr'>et</span> <span class='ocrx_word' id='word_1_104' title='bbox 1388 1002 1587 1037; x_wconf 84' lang='lat' dir='ltr'>Beluuensis</span> <span class='ocrx_word' id='word_1_105' title='bbox 1630 1007 1808 1050; x_wconf 88' lang='lat' dir='ltr'>episcopus</span> <span class='ocrx_word' id='word_1_106' title='bbox 1850 1004 2044 1038; x_wconf 84' lang='lat' dir='ltr'>ffranciscus</span> 
     </span>
     <span class='ocr_line' id='line_1_13' title="bbox 172 1063 2045 1112; baseline 0 -14"><span class='ocrx_word' id='word_1_107' title='bbox 172 1064 382 1099; x_wconf 79' lang='lat' dir='ltr'>Rauellensis</span> <span class='ocrx_word' id='word_1_108' title='bbox 404 1067 582 1110; x_wconf 84' lang='lat' dir='ltr'>episcopus</span> <span class='ocrx_word' id='word_1_109' title='bbox 605 1064 798 1098; x_wconf 84' lang='lat' dir='ltr'>Dominieus</span> <span class='ocrx_word' id='word_1_110' title='bbox 827 1063 1034 1098; x_wconf 80' lang='lat' dir='ltr'>Metelieusis</span> <span class='ocrx_word' id='word_1_111' title='bbox 1063 1066 1241 1110; x_wconf 84' lang='lat' dir='ltr'>episcopus</span> <span class='ocrx_word' id='word_1_112' title='bbox 1263 1064 1429 1098; x_wconf 78' lang='lat' dir='ltr'>Robertus</span> <span class='ocrx_word' id='word_1_113' title='bbox 1451 1064 1677 1099; x_wconf 74' lang='lat' dir='ltr'>Comici-ensis</span> <span class='ocrx_word' id='word_1_114' title='bbox 1707 1068 1884 1112; x_wconf 86' lang='lat' dir='ltr'>episcopus</span> <span class='ocrx_word' id='word_1_115' title='bbox 1903 1065 2045 1099; x_wconf 74' lang='lat' dir='ltr'>(juillei-</span> 
     </span>
     <span class='ocr_line' id='line_1_14' title="bbox 171 1124 2042 1173; baseline 0.001 -14"><span class='ocrx_word' id='word_1_116' title='bbox 171 1137 244 1160; x_wconf 90' lang='lat' dir='ltr'>mus</span> <span class='ocrx_word' id='word_1_117' title='bbox 274 1125 507 1171; x_wconf 83' lang='lat' dir='ltr'>Saguonensis</span> <span class='ocrx_word' id='word_1_118' title='bbox 530 1129 706 1172; x_wconf 84' lang='lat' dir='ltr'>episeopus</span> <span class='ocrx_word' id='word_1_119' title='bbox 728 1125 918 1172; x_wconf 78' lang='lat' dir='ltr'>Stephanus</span> <span class='ocrx_word' id='word_1_120' title='bbox 941 1124 1146 1159; x_wconf 82' lang='lat' dir='ltr'>Lubuceusis</span> <span class='ocrx_word' id='word_1_121' title='bbox 1176 1129 1353 1172; x_wconf 81' lang='lat' dir='ltr'>episeopus</span> <span class='ocrx_word' id='word_1_122' title='bbox 1374 1125 1554 1160; x_wconf 76' lang='lat' dir='ltr'>Nicholaus</span> <span class='ocrx_word' id='word_1_123' title='bbox 1580 1126 1819 1161; x_wconf 78' lang='lat' dir='ltr'>Diriuastensis</span> <span class='ocrx_word' id='word_1_124' title='bbox 1853 1130 2042 1173; x_wconf 79' lang='lat' dir='ltr'>episcopus.</span> 
     </span>
     <span class='ocr_line' id='line_1_15' title="bbox 173 1186 2041 1235; baseline 0.001 -15"><span class='ocrx_word' id='word_1_125' title='bbox 173 1186 324 1221; x_wconf 65' lang='lat' dir='ltr'>Vemitus</span> <span class='ocrx_word' id='word_1_126' title='bbox 355 1188 549 1221; x_wconf 79' lang='lat' dir='ltr'>Catacensis</span> <span class='ocrx_word' id='word_1_127' title='bbox 578 1191 755 1233; x_wconf 77' lang='lat' dir='ltr'>episcopus</span> <span class='ocrx_word' id='word_1_128' title='bbox 784 1191 814 1221; x_wconf 91' lang='lat' dir='ltr'>et</span> <span class='ocrx_word' id='word_1_129' title='bbox 837 1215 844 1221; x_wconf 89' lang='lat'>.</span> <span class='ocrx_word' id='word_1_130' title='bbox 868 1215 874 1221; x_wconf 93' lang='lat'>.</span> <span class='ocrx_word' id='word_1_131' title='bbox 899 1215 905 1221; x_wconf 94' lang='lat'>.</span> <span class='ocrx_word' id='word_1_132' title='bbox 930 1215 936 1221; x_wconf 94' lang='lat'>.</span> <span class='ocrx_word' id='word_1_133' title='bbox 967 1190 1145 1233; x_wconf 82' lang='lat' dir='ltr'>episcopus</span> <span class='ocrx_word' id='word_1_134' title='bbox 1175 1187 1214 1220; x_wconf 91' lang='lat' dir='ltr'>de</span> <span class='ocrx_word' id='word_1_135' title='bbox 1239 1216 1244 1220; x_wconf 94' lang='lat'>.</span> <span class='ocrx_word' id='word_1_136' title='bbox 1271 1215 1276 1221; x_wconf 94' lang='lat'>.</span> <span class='ocrx_word' id='word_1_137' title='bbox 1303 1215 1308 1221; x_wconf 94' lang='lat'>.</span> <span class='ocrx_word' id='word_1_138' title='bbox 1335 1215 1341 1221; x_wconf 83' lang='lat'>.</span> <span class='ocrx_word' id='word_1_139' title='bbox 1386 1188 1524 1221; x_wconf 84' lang='lat' dir='ltr'>salutem</span> <span class='ocrx_word' id='word_1_140' title='bbox 1560 1191 1591 1221; x_wconf 91' lang='lat' dir='ltr'>in</span> <span class='ocrx_word' id='word_1_141' title='bbox 1630 1187 1764 1222; x_wconf 90' lang='lat' dir='ltr'>domino</span> <span class='ocrx_word' id='word_1_142' title='bbox 1793 1192 2041 1235; x_wconf 76' lang='lat' dir='ltr'>sempiternam.</span> 
     </span>
     <span class='ocr_line' id='line_1_16' title="bbox 175 1248 2044 1296; baseline 0.001 -13"><span class='ocrx_word' id='word_1_143' title='bbox 175 1248 342 1296; x_wconf 81' lang='lat' dir='ltr'>Splendor</span> <span class='ocrx_word' id='word_1_144' title='bbox 369 1253 506 1295; x_wconf 87' lang='lat' dir='ltr'>paterne</span> <span class='ocrx_word' id='word_1_145' title='bbox 535 1249 642 1294; x_wconf 73' lang='lat' dir='ltr'>glorie</span> <span class='ocrx_word' id='word_1_146' title='bbox 671 1252 724 1294; x_wconf 85' lang='lat' dir='ltr'>qui</span> <span class='ocrx_word' id='word_1_147' title='bbox 753 1261 812 1283; x_wconf 80' lang='lat' dir='ltr'>sua</span> <span class='ocrx_word' id='word_1_148' title='bbox 843 1249 997 1283; x_wconf 89' lang='lat' dir='ltr'>mumlum</span> <span class='ocrx_word' id='word_1_149' title='bbox 1027 1249 1185 1282; x_wconf 85' lang='lat' dir='ltr'>illuminat</span> <span class='ocrx_word' id='word_1_150' title='bbox 1213 1249 1368 1283; x_wconf 85' lang='lat' dir='ltr'>inell&#39;abili</span> <span class='ocrx_word' id='word_1_151' title='bbox 1398 1249 1546 1283; x_wconf 83' lang='lat' dir='ltr'>claritate</span> <span class='ocrx_word' id='word_1_152' title='bbox 1568 1252 1618 1296; x_wconf 90' lang='lat' dir='ltr'>pia</span> <span class='ocrx_word' id='word_1_153' title='bbox 1644 1255 1719 1284; x_wconf 86' lang='lat' dir='ltr'>uota</span> <span class='ocrx_word' id='word_1_154' title='bbox 1742 1250 1885 1284; x_wconf 88' lang='lat' dir='ltr'>lidelium</span> <span class='ocrx_word' id='word_1_155' title='bbox 1908 1250 1948 1284; x_wconf 89' lang='lat' dir='ltr'>de</span> <span class='ocrx_word' id='word_1_156' title='bbox 1971 1250 2044 1284; x_wconf 83' lang='lat' dir='ltr'>cle-</span> 
     </span>
     <span class='ocr_line' id='line_1_17' title="bbox 173 1310 2043 1357; baseline 0.001 -12"><span class='ocrx_word' id='word_1_157' title='bbox 173 1313 302 1345; x_wconf 89' lang='lat' dir='ltr'>meneia</span> <span class='ocrx_word' id='word_1_158' title='bbox 341 1313 443 1357; x_wconf 76' lang='lat' dir='ltr'>ipsius</span> <span class='ocrx_word' id='word_1_159' title='bbox 473 1313 654 1344; x_wconf 79' lang='lat' dir='ltr'>maiestatis</span> <span class='ocrx_word' id='word_1_160' title='bbox 689 1313 898 1357; x_wconf 86' lang='lat' dir='ltr'>sperancium</span> <span class='ocrx_word' id='word_1_161' title='bbox 935 1315 1011 1344; x_wconf 88' lang='lat' dir='ltr'>tune</span> <span class='ocrx_word' id='word_1_162' title='bbox 1047 1313 1205 1357; x_wconf 85' lang='lat' dir='ltr'>precipue</span> <span class='ocrx_word' id='word_1_163' title='bbox 1239 1310 1386 1355; x_wconf 79' lang='lat' dir='ltr'>benigno</span> <span class='ocrx_word' id='word_1_164' title='bbox 1421 1311 1538 1345; x_wconf 82' lang='lat' dir='ltr'>fauore</span> <span class='ocrx_word' id='word_1_165' title='bbox 1572 1315 1782 1357; x_wconf 67' lang='lat' dir='ltr'>prosequitur</span> <span class='ocrx_word' id='word_1_166' title='bbox 1815 1324 1889 1346; x_wconf 88' lang='lat' dir='ltr'>cum</span> <span class='ocrx_word' id='word_1_167' title='bbox 1925 1312 2043 1346; x_wconf 86' lang='lat' dir='ltr'>deuota</span> 
     </span>
     <span class='ocr_line' id='line_1_18' title="bbox 172 1371 2043 1418; baseline 0.001 -12"><span class='ocrx_word' id='word_1_168' title='bbox 172 1375 317 1418; x_wconf 87' lang='lat' dir='ltr'>ipsorum</span> <span class='ocrx_word' id='word_1_169' title='bbox 346 1371 510 1406; x_wconf 83' lang='lat' dir='ltr'>humilitas</span> <span class='ocrx_word' id='word_1_170' title='bbox 540 1376 730 1406; x_wconf 85' lang='lat' dir='ltr'>sanctorum</span> <span class='ocrx_word' id='word_1_171' title='bbox 758 1375 883 1406; x_wconf 84' lang='lat' dir='ltr'>meriiis</span> <span class='ocrx_word' id='word_1_172' title='bbox 912 1377 943 1406; x_wconf 89' lang='lat' dir='ltr'>et</span> <span class='ocrx_word' id='word_1_173' title='bbox 972 1372 1127 1418; x_wconf 80' lang='lat' dir='ltr'>precibus</span> <span class='ocrx_word' id='word_1_174' title='bbox 1157 1372 1341 1406; x_wconf 87' lang='lat' dir='ltr'>adiuuatur.</span> <span class='ocrx_word' id='word_1_175' title='bbox 1374 1373 1554 1418; x_wconf 70' lang='lat' dir='ltr'>Cupientes</span> <span class='ocrx_word' id='word_1_176' title='bbox 1583 1376 1682 1418; x_wconf 82' lang='lat' dir='ltr'>igitur</span> <span class='ocrx_word' id='word_1_177' title='bbox 1710 1378 1744 1407; x_wconf 74' lang='lat' dir='ltr'>vt</span> <span class='ocrx_word' id='word_1_178' title='bbox 1771 1374 1916 1407; x_wconf 83' lang='lat' dir='ltr'>ecelesia</span> <span class='ocrx_word' id='word_1_179' title='bbox 1939 1377 2043 1408; x_wconf 83' lang='lat' dir='ltr'>sancti</span> 
     </span>
     <span class='ocr_line' id='line_1_19' title="bbox 171 1433 2044 1481; baseline 0 -13"><span class='ocrx_word' id='word_1_180' title='bbox 171 1433 288 1468; x_wconf 87' lang='lat' dir='ltr'>Jacobi</span> <span class='ocrx_word' id='word_1_181' title='bbox 318 1437 350 1468; x_wconf 91' lang='lat' dir='ltr'>et</span> <span class='ocrx_word' id='word_1_182' title='bbox 385 1433 482 1468; x_wconf 88' lang='lat' dir='ltr'>beate</span> <span class='ocrx_word' id='word_1_183' title='bbox 510 1433 615 1468; x_wconf 76' lang='lat' dir='ltr'>Mario</span> <span class='ocrx_word' id='word_1_184' title='bbox 652 1433 852 1481; x_wconf 73' lang='lat' dir='ltr'>parochialis</span> <span class='ocrx_word' id='word_1_185' title='bbox 885 1437 917 1467; x_wconf 94' lang='lat' dir='ltr'>in</span> <span class='ocrx_word' id='word_1_186' title='bbox 953 1433 1171 1468; x_wconf 77' lang='lat' dir='ltr'>Naussedlicz</span> <span class='ocrx_word' id='word_1_187' title='bbox 1208 1434 1441 1468; x_wconf 62' lang='lat' dir='ltr'>(domucensis</span> <span class='ocrx_word' id='word_1_188' title='bbox 1477 1434 1633 1480; x_wconf 61' lang='lat' dir='ltr'>dyocesis</span> <span class='ocrx_word' id='word_1_189' title='bbox 1669 1438 1828 1476; x_wconf 65' lang='lat' dir='ltr'>congruis</span> <span class='ocrx_word' id='word_1_190' title='bbox 1864 1435 2044 1469; x_wconf 72' lang='lat' dir='ltr'>honoribus</span> 
     </span>
     <span class='ocr_line' id='line_1_20' title="bbox 172 1494 2045 1543; baseline 0.001 -15"><span class='ocrx_word' id='word_1_191' title='bbox 172 1494 400 1540; x_wconf 80' lang='lat' dir='ltr'>frequentetur</span> <span class='ocrx_word' id='word_1_192' title='bbox 428 1499 459 1528; x_wconf 81' lang='lat' dir='ltr'>et</span> <span class='ocrx_word' id='word_1_193' title='bbox 488 1506 505 1528; x_wconf 89' lang='lat' dir='ltr'>a</span> <span class='ocrx_word' id='word_1_194' title='bbox 537 1494 656 1529; x_wconf 89' lang='lat' dir='ltr'>Christi</span> <span class='ocrx_word' id='word_1_195' title='bbox 686 1494 836 1529; x_wconf 85' lang='lat' dir='ltr'>fidelibus</span> <span class='ocrx_word' id='word_1_196' title='bbox 865 1498 987 1540; x_wconf 76' lang='lat' dir='ltr'>ingiter</span> <span class='ocrx_word' id='word_1_197' title='bbox 1014 1500 1205 1529; x_wconf 87' lang='lat' dir='ltr'>ueneretur.</span> <span class='ocrx_word' id='word_1_198' title='bbox 1237 1495 1400 1529; x_wconf 82' lang='lat' dir='ltr'>Omnibus</span> <span class='ocrx_word' id='word_1_199' title='bbox 1434 1507 1517 1530; x_wconf 70' lang='lat' dir='ltr'>vere</span> <span class='ocrx_word' id='word_1_200' title='bbox 1552 1496 1775 1543; x_wconf 80' lang='lat' dir='ltr'>penitentibus</span> <span class='ocrx_word' id='word_1_201' title='bbox 1810 1501 1841 1530; x_wconf 91' lang='lat' dir='ltr'>et</span> <span class='ocrx_word' id='word_1_202' title='bbox 1880 1497 2045 1531; x_wconf 79' lang='lat' dir='ltr'>confessis</span> 
     </span>
     <span class='ocr_line' id='line_1_21' title="bbox 173 1555 2045 1603; baseline 0.001 -14"><span class='ocrx_word' id='word_1_203' title='bbox 173 1558 227 1602; x_wconf 89' lang='lat' dir='ltr'>qui</span> <span class='ocrx_word' id='word_1_204' title='bbox 257 1555 296 1589; x_wconf 89' lang='lat' dir='ltr'>ad</span> <span class='ocrx_word' id='word_1_205' title='bbox 326 1558 431 1603; x_wconf 87' lang='lat' dir='ltr'>ipsam</span> <span class='ocrx_word' id='word_1_206' title='bbox 460 1557 640 1590; x_wconf 87' lang='lat' dir='ltr'>ecclesiam</span> <span class='ocrx_word' id='word_1_207' title='bbox 671 1559 701 1590; x_wconf 90' lang='lat' dir='ltr'>in</span> <span class='ocrx_word' id='word_1_208' title='bbox 731 1556 823 1591; x_wconf 85' lang='lat' dir='ltr'>festis</span> <span class='ocrx_word' id='word_1_209' title='bbox 853 1556 1082 1603; x_wconf 73' lang='lat' dir='ltr'>infrascriptis.</span> <span class='ocrx_word' id='word_1_210' title='bbox 1112 1557 1268 1590; x_wconf 72' lang='lat' dir='ltr'>videlicet</span> <span class='ocrx_word' id='word_1_211' title='bbox 1303 1559 1334 1590; x_wconf 92' lang='lat' dir='ltr'>in</span> <span class='ocrx_word' id='word_1_212' title='bbox 1369 1556 1455 1591; x_wconf 88' lang='lat' dir='ltr'>festo</span> <span class='ocrx_word' id='word_1_213' title='bbox 1491 1560 1595 1591; x_wconf 86' lang='lat' dir='ltr'>sancti</span> <span class='ocrx_word' id='word_1_214' title='bbox 1625 1557 1742 1591; x_wconf 88' lang='lat' dir='ltr'>.lacol)i</span> <span class='ocrx_word' id='word_1_215' title='bbox 1778 1563 1809 1592; x_wconf 90' lang='lat' dir='ltr'>et</span> <span class='ocrx_word' id='word_1_216' title='bbox 1845 1561 1874 1592; x_wconf 88' lang='lat' dir='ltr'>in</span> <span class='ocrx_word' id='word_1_217' title='bbox 1905 1558 2045 1597; x_wconf 65' lang='lat' dir='ltr'>siim-ulis</span> 
     </span>
     <span class='ocr_line' id='line_1_22' title="bbox 172 1616 2045 1665; baseline 0.001 -14"><span class='ocrx_word' id='word_1_218' title='bbox 172 1616 405 1652; x_wconf 81' lang='lat' dir='ltr'>festiuitatilms</span> <span class='ocrx_word' id='word_1_219' title='bbox 440 1617 537 1651; x_wconf 88' lang='lat' dir='ltr'>beate</span> <span class='ocrx_word' id='word_1_220' title='bbox 572 1617 691 1652; x_wconf 78' lang='lat' dir='ltr'>Marie.</span> <span class='ocrx_word' id='word_1_221' title='bbox 729 1618 846 1652; x_wconf 85' lang='lat' dir='ltr'>natalis</span> <span class='ocrx_word' id='word_1_222' title='bbox 883 1618 1005 1652; x_wconf 87' lang='lat' dir='ltr'>domini</span> <span class='ocrx_word' id='word_1_223' title='bbox 1041 1621 1305 1652; x_wconf 67' lang='lat' dir='ltr'>circumcisionis</span> <span class='ocrx_word' id='word_1_224' title='bbox 1341 1618 1519 1665; x_wconf 80' lang='lat' dir='ltr'>epiphanie</span> <span class='ocrx_word' id='word_1_225' title='bbox 1557 1630 1771 1665; x_wconf 76' lang='lat' dir='ltr'>parasceues.</span> <span class='ocrx_word' id='word_1_226' title='bbox 1809 1622 2045 1653; x_wconf 78' lang='lat' dir='ltr'>resurectionis</span> 
     </span>
     <span class='ocr_line' id='line_1_23' title="bbox 173 1679 2046 1726; baseline 0.001 -13"><span class='ocrx_word' id='word_1_227' title='bbox 173 1681 382 1713; x_wconf 79' lang='lat' dir='ltr'>ascensionis</span> <span class='ocrx_word' id='word_1_228' title='bbox 411 1683 624 1725; x_wconf 82' lang='lat' dir='ltr'>pentecostes</span> <span class='ocrx_word' id='word_1_229' title='bbox 653 1683 803 1726; x_wconf 87' lang='lat' dir='ltr'>corporis</span> <span class='ocrx_word' id='word_1_230' title='bbox 834 1679 964 1714; x_wconf 78' lang='lat' dir='ltr'>Christi.</span> <span class='ocrx_word' id='word_1_231' title='bbox 996 1682 1204 1714; x_wconf 87' lang='lat' dir='ltr'>iuuencionis</span> <span class='ocrx_word' id='word_1_232' title='bbox 1233 1684 1264 1713; x_wconf 91' lang='lat' dir='ltr'>et</span> <span class='ocrx_word' id='word_1_233' title='bbox 1293 1680 1514 1714; x_wconf 76' lang='lat' dir='ltr'>exaltacionis</span> <span class='ocrx_word' id='word_1_234' title='bbox 1548 1685 1662 1714; x_wconf 83' lang='lat' dir='ltr'>sancte</span> <span class='ocrx_word' id='word_1_235' title='bbox 1696 1684 1816 1714; x_wconf 86' lang='lat' dir='ltr'>crucis.</span> <span class='ocrx_word' id='word_1_236' title='bbox 1847 1684 1951 1715; x_wconf 87' lang='lat' dir='ltr'>sancti</span> <span class='ocrx_word' id='word_1_237' title='bbox 1980 1681 2046 1714; x_wconf 87' lang='lat' dir='ltr'>Jo-</span> 
     </span>
     <span class='ocr_line' id='line_1_24' title="bbox 174 1739 2044 1787; baseline 0.001 -13"><span class='ocrx_word' id='word_1_238' title='bbox 174 1739 292 1774; x_wconf 87' lang='lat' dir='ltr'>hannis</span> <span class='ocrx_word' id='word_1_239' title='bbox 322 1740 474 1787; x_wconf 82' lang='lat' dir='ltr'>baptiste.</span> <span class='ocrx_word' id='word_1_240' title='bbox 505 1740 677 1775; x_wconf 81' lang='lat' dir='ltr'>Michaelis</span> <span class='ocrx_word' id='word_1_241' title='bbox 706 1741 898 1779; x_wconf 62' lang='lat' dir='ltr'>archangeli</span> <span class='ocrx_word' id='word_1_242' title='bbox 929 1741 1100 1775; x_wconf 89' lang='lat' dir='ltr'>beatorum</span> <span class='ocrx_word' id='word_1_243' title='bbox 1132 1741 1216 1775; x_wconf 86' lang='lat' dir='ltr'>Petri</span> <span class='ocrx_word' id='word_1_244' title='bbox 1247 1745 1278 1775; x_wconf 89' lang='lat' dir='ltr'>et</span> <span class='ocrx_word' id='word_1_245' title='bbox 1307 1741 1397 1775; x_wconf 84' lang='lat' dir='ltr'>Pauli</span> <span class='ocrx_word' id='word_1_246' title='bbox 1428 1742 1652 1787; x_wconf 88' lang='lat' dir='ltr'>apostolorum</span> <span class='ocrx_word' id='word_1_247' title='bbox 1682 1746 1714 1775; x_wconf 89' lang='lat' dir='ltr'>et</span> <span class='ocrx_word' id='word_1_248' title='bbox 1739 1745 1884 1776; x_wconf 91' lang='lat' dir='ltr'>omnium</span> <span class='ocrx_word' id='word_1_249' title='bbox 1907 1742 2044 1776; x_wconf 86' lang='lat' dir='ltr'>aliorum</span> 
     </span>
     <span class='ocr_line' id='line_1_25' title="bbox 173 1802 2044 1850; baseline 0.002 -15"><span class='ocrx_word' id='word_1_250' title='bbox 173 1802 398 1849; x_wconf 86' lang='lat' dir='ltr'>apostolorum</span> <span class='ocrx_word' id='word_1_251' title='bbox 429 1807 461 1836; x_wconf 91' lang='lat' dir='ltr'>et</span> <span class='ocrx_word' id='word_1_252' title='bbox 489 1802 783 1847; x_wconf 63' lang='lat' dir='ltr'>ewmugehsiarum</span> <span class='ocrx_word' id='word_1_253' title='bbox 814 1805 1027 1848; x_wconf 84' lang='lat' dir='ltr'>omniumque</span> <span class='ocrx_word' id='word_1_254' title='bbox 1057 1802 1214 1836; x_wconf 83' lang='lat' dir='ltr'>festorum</span> <span class='ocrx_word' id='word_1_255' title='bbox 1245 1802 1432 1848; x_wconf 84' lang='lat' dir='ltr'>duplicium.</span> <span class='ocrx_word' id='word_1_256' title='bbox 1464 1807 1653 1837; x_wconf 84' lang='lat' dir='ltr'>sauctorum</span> <span class='ocrx_word' id='word_1_257' title='bbox 1681 1803 1841 1850; x_wconf 81' lang='lat' dir='ltr'>Stephani</span> <span class='ocrx_word' id='word_1_258' title='bbox 1871 1803 2044 1838; x_wconf 87' lang='lat' dir='ltr'>Laurencii</span> 
     </span>
     <span class='ocr_line' id='line_1_26' title="bbox 172 1862 2044 1909; baseline 0.001 -12"><span class='ocrx_word' id='word_1_259' title='bbox 172 1862 328 1909; x_wconf 63' lang='lat' dir='ltr'>Dyonisii</span> <span class='ocrx_word' id='word_1_260' title='bbox 359 1863 498 1909; x_wconf 81' lang='lat' dir='ltr'>Georgii</span> <span class='ocrx_word' id='word_1_261' title='bbox 528 1863 723 1898; x_wconf 87' lang='lat' dir='ltr'>Christofori</span> <span class='ocrx_word' id='word_1_262' title='bbox 753 1867 921 1898; x_wconf 89' lang='lat' dir='ltr'>martirum</span> <span class='ocrx_word' id='word_1_263' title='bbox 952 1864 1123 1899; x_wconf 88' lang='lat' dir='ltr'>beatorum</span> <span class='ocrx_word' id='word_1_264' title='bbox 1153 1863 1285 1897; x_wconf 79' lang='lat' dir='ltr'>Martini</span> <span class='ocrx_word' id='word_1_265' title='bbox 1324 1863 1475 1898; x_wconf 73' lang='lat' dir='ltr'>Nicholai</span> <span class='ocrx_word' id='word_1_266' title='bbox 1512 1864 1684 1898; x_wconf 76' lang='lat' dir='ltr'>Benedicti</span> <span class='ocrx_word' id='word_1_267' title='bbox 1721 1865 1887 1899; x_wconf 87' lang='lat' dir='ltr'>Dominici</span> <span class='ocrx_word' id='word_1_268' title='bbox 1921 1867 2044 1909; x_wconf 86' lang='lat' dir='ltr'>antonij</span> 
     </span>
     <span class='ocr_line' id='line_1_27' title="bbox 174 1924 2047 1971; baseline 0.002 -13"><span class='ocrx_word' id='word_1_269' title='bbox 174 1924 420 1959; x_wconf 83' lang='lat' dir='ltr'>confessorum.</span> <span class='ocrx_word' id='word_1_270' title='bbox 451 1930 641 1959; x_wconf 86' lang='lat' dir='ltr'>sanctarum</span> <span class='ocrx_word' id='word_1_271' title='bbox 670 1925 777 1960; x_wconf 84' lang='lat' dir='ltr'>Marie</span> <span class='ocrx_word' id='word_1_272' title='bbox 806 1925 1009 1971; x_wconf 82' lang='lat' dir='ltr'>Magdaleue</span> <span class='ocrx_word' id='word_1_273' title='bbox 1039 1926 1197 1960; x_wconf 81' lang='lat' dir='ltr'>Katerine</span> <span class='ocrx_word' id='word_1_274' title='bbox 1227 1924 1419 1969; x_wconf 75' lang='lat' dir='ltr'>Margarete</span> <span class='ocrx_word' id='word_1_275' title='bbox 1449 1937 1536 1959; x_wconf 87' lang='lat' dir='ltr'>anne</span> <span class='ocrx_word' id='word_1_276' title='bbox 1571 1929 1683 1960; x_wconf 86' lang='lat' dir='ltr'>matris</span> <span class='ocrx_word' id='word_1_277' title='bbox 1712 1926 1819 1961; x_wconf 82' lang='lat' dir='ltr'>Marie</span> <span class='ocrx_word' id='word_1_278' title='bbox 1848 1926 1948 1961; x_wconf 90' lang='lat' dir='ltr'>Lucie</span> <span class='ocrx_word' id='word_1_279' title='bbox 1977 1938 2047 1961; x_wconf 79' lang='lat' dir='ltr'>vu-</span> 
     </span>
     <span class='ocr_line' id='line_1_28' title="bbox 175 1985 2046 2032; baseline 0.001 -12"><span class='ocrx_word' id='word_1_280' title='bbox 175 1985 281 2020; x_wconf 87' lang='lat' dir='ltr'>deeim</span> <span class='ocrx_word' id='word_1_281' title='bbox 309 1986 432 2020; x_wconf 91' lang='lat' dir='ltr'>milium</span> <span class='ocrx_word' id='word_1_282' title='bbox 461 1989 629 2032; x_wconf 68' lang='lat' dir='ltr'>virginum</span> <span class='ocrx_word' id='word_1_283' title='bbox 659 1990 802 2021; x_wconf 87' lang='lat' dir='ltr'>omnium</span> <span class='ocrx_word' id='word_1_284' title='bbox 832 1992 1021 2021; x_wconf 88' lang='lat' dir='ltr'>sanctorum</span> <span class='ocrx_word' id='word_1_285' title='bbox 1047 1999 1085 2021; x_wconf 80' lang='lat' dir='ltr'>ac</span> <span class='ocrx_word' id='word_1_286' title='bbox 1109 1990 1138 2020; x_wconf 90' lang='lat' dir='ltr'>iu</span> <span class='ocrx_word' id='word_1_287' title='bbox 1165 1990 1490 2021; x_wconf 88' lang='lat' dir='ltr'>commemoracione</span> <span class='ocrx_word' id='word_1_288' title='bbox 1513 1990 1696 2021; x_wconf 90' lang='lat' dir='ltr'>animarum</span> <span class='ocrx_word' id='word_1_289' title='bbox 1719 1992 1750 2021; x_wconf 90' lang='lat' dir='ltr'>et</span> <span class='ocrx_word' id='word_1_290' title='bbox 1776 1991 1806 2022; x_wconf 92' lang='lat' dir='ltr'>in</span> <span class='ocrx_word' id='word_1_291' title='bbox 1830 1988 2046 2022; x_wconf 86' lang='lat' dir='ltr'>dedicacioue</span> 
     </span>
     <span class='ocr_line' id='line_1_29' title="bbox 175 2047 2047 2095; baseline 0.001 -14"><span class='ocrx_word' id='word_1_292' title='bbox 175 2049 277 2094; x_wconf 89' lang='lat' dir='ltr'>ipsius</span> <span class='ocrx_word' id='word_1_293' title='bbox 305 2048 449 2082; x_wconf 86' lang='lat' dir='ltr'>ecclesie</span> <span class='ocrx_word' id='word_1_294' title='bbox 479 2052 509 2082; x_wconf 90' lang='lat' dir='ltr'>et</span> <span class='ocrx_word' id='word_1_295' title='bbox 538 2059 598 2094; x_wconf 90' lang='lat' dir='ltr'>per</span> <span class='ocrx_word' id='word_1_296' title='bbox 626 2053 766 2082; x_wconf 79' lang='lat' dir='ltr'>octavas</span> <span class='ocrx_word' id='word_1_297' title='bbox 795 2048 1017 2095; x_wconf 88' lang='lat' dir='ltr'>predictarum</span> <span class='ocrx_word' id='word_1_298' title='bbox 1047 2048 1285 2082; x_wconf 84' lang='lat' dir='ltr'>festiuitatum.</span> <span class='ocrx_word' id='word_1_299' title='bbox 1311 2076 1316 2082; x_wconf 94' lang='lat'>.</span> <span class='ocrx_word' id='word_1_300' title='bbox 1344 2076 1350 2082; x_wconf 95' lang='lat'>.</span> <span class='ocrx_word' id='word_1_301' title='bbox 1381 2047 1578 2083; x_wconf 86' lang='lat' dir='ltr'>habencium</span> <span class='ocrx_word' id='word_1_302' title='bbox 1608 2061 1711 2083; x_wconf 86' lang='lat' dir='ltr'>causa</span> <span class='ocrx_word' id='word_1_303' title='bbox 1741 2050 1935 2084; x_wconf 85' lang='lat' dir='ltr'>deuocionis</span> <span class='ocrx_word' id='word_1_304' title='bbox 1964 2061 2047 2083; x_wconf 89' lang='lat' dir='ltr'>ora-</span> 
     </span>
     <span class='ocr_line' id='line_1_30' title="bbox 176 2109 2045 2157; baseline 0.002 -15"><span class='ocrx_word' id='word_1_305' title='bbox 176 2111 282 2143; x_wconf 90' lang='lat' dir='ltr'>cionis</span> <span class='ocrx_word' id='word_1_306' title='bbox 310 2114 366 2143; x_wconf 85' lang='lat' dir='ltr'>aut</span> <span class='ocrx_word' id='word_1_307' title='bbox 394 2112 682 2157; x_wconf 66' lang='lat' dir='ltr'>peregrinacionis</span> <span class='ocrx_word' id='word_1_308' title='bbox 711 2113 880 2143; x_wconf 89' lang='lat' dir='ltr'>annuatim</span> <span class='ocrx_word' id='word_1_309' title='bbox 909 2113 1126 2144; x_wconf 80' lang='lat' dir='ltr'>accesserint.</span> <span class='ocrx_word' id='word_1_310' title='bbox 1158 2109 1197 2144; x_wconf 87' lang='lat' dir='ltr'>Et</span> <span class='ocrx_word' id='word_1_311' title='bbox 1227 2112 1280 2155; x_wconf 88' lang='lat' dir='ltr'>qui</span> <span class='ocrx_word' id='word_1_312' title='bbox 1311 2109 1350 2143; x_wconf 84' lang='lat' dir='ltr'>ad</span> <span class='ocrx_word' id='word_1_313' title='bbox 1379 2109 1540 2144; x_wconf 81' lang='lat' dir='ltr'>fabricam</span> <span class='ocrx_word' id='word_1_314' title='bbox 1570 2111 1732 2145; x_wconf 85' lang='lat' dir='ltr'>liminaria</span> <span class='ocrx_word' id='word_1_315' title='bbox 1762 2116 1956 2145; x_wconf 86' lang='lat' dir='ltr'>ornamenta</span> <span class='ocrx_word' id='word_1_316' title='bbox 1986 2122 2045 2145; x_wconf 83' lang='lat' dir='ltr'>seu</span> 
     </span>
     <span class='ocr_line' id='line_1_31' title="bbox 174 2169 2047 2218; baseline 0.001 -15"><span class='ocrx_word' id='word_1_317' title='bbox 174 2169 283 2215; x_wconf 86' lang='lat' dir='ltr'>aliqua</span> <span class='ocrx_word' id='word_1_318' title='bbox 312 2170 375 2204; x_wconf 89' lang='lat' dir='ltr'>alia</span> <span class='ocrx_word' id='word_1_319' title='bbox 404 2171 552 2217; x_wconf 88' lang='lat' dir='ltr'>predicte</span> <span class='ocrx_word' id='word_1_320' title='bbox 581 2171 724 2205; x_wconf 85' lang='lat' dir='ltr'>ecclesie</span> <span class='ocrx_word' id='word_1_321' title='bbox 753 2174 947 2205; x_wconf 84' lang='lat' dir='ltr'>necessaria</span> <span class='ocrx_word' id='word_1_322' title='bbox 976 2183 1094 2205; x_wconf 87' lang='lat' dir='ltr'>manus</span> <span class='ocrx_word' id='word_1_323' title='bbox 1122 2173 1333 2217; x_wconf 77' lang='lat' dir='ltr'>porrexerint</span> <span class='ocrx_word' id='word_1_324' title='bbox 1363 2171 1551 2206; x_wconf 87' lang='lat' dir='ltr'>adiutrices.</span> <span class='ocrx_word' id='word_1_325' title='bbox 1583 2177 1637 2206; x_wconf 91' lang='lat' dir='ltr'>aut</span> <span class='ocrx_word' id='word_1_326' title='bbox 1659 2175 1713 2218; x_wconf 86' lang='lat' dir='ltr'>qui</span> <span class='ocrx_word' id='word_1_327' title='bbox 1743 2175 1774 2207; x_wconf 89' lang='lat' dir='ltr'>iu</span> <span class='ocrx_word' id='word_1_328' title='bbox 1800 2184 1914 2206; x_wconf 86' lang='lat' dir='ltr'>eorum</span> <span class='ocrx_word' id='word_1_329' title='bbox 1938 2177 2047 2206; x_wconf 81' lang='lat' dir='ltr'>testa—</span> 
     </span>
     <span class='ocr_line' id='line_1_32' title="bbox 176 2231 2044 2277; baseline 0.001 -12"><span class='ocrx_word' id='word_1_330' title='bbox 176 2234 296 2265; x_wconf 85' lang='lat' dir='ltr'>mentis</span> <span class='ocrx_word' id='word_1_331' title='bbox 323 2231 378 2266; x_wconf 81' lang='lat' dir='ltr'>vel</span> <span class='ocrx_word' id='word_1_332' title='bbox 407 2237 502 2267; x_wconf 79' lang='lat' dir='ltr'>extra</span> <span class='ocrx_word' id='word_1_333' title='bbox 533 2244 647 2267; x_wconf 90' lang='lat' dir='ltr'>aurum</span> <span class='ocrx_word' id='word_1_334' title='bbox 678 2237 852 2277; x_wconf 76' lang='lat' dir='ltr'>argentum</span> <span class='ocrx_word' id='word_1_335' title='bbox 881 2236 1078 2267; x_wconf 76' lang='lat' dir='ltr'>vestimenta</span> <span class='ocrx_word' id='word_1_336' title='bbox 1115 2244 1173 2267; x_wconf 85' lang='lat' dir='ltr'>seu</span> <span class='ocrx_word' id='word_1_337' title='bbox 1210 2233 1319 2277; x_wconf 79' lang='lat' dir='ltr'>aliqua</span> <span class='ocrx_word' id='word_1_338' title='bbox 1355 2233 1418 2267; x_wconf 85' lang='lat' dir='ltr'>alia</span> <span class='ocrx_word' id='word_1_339' title='bbox 1460 2233 1637 2268; x_wconf 86' lang='lat' dir='ltr'>karitatiua</span> <span class='ocrx_word' id='word_1_340' title='bbox 1667 2234 1811 2268; x_wconf 73' lang='lat' dir='ltr'>subsidia</span> <span class='ocrx_word' id='word_1_341' title='bbox 1847 2234 1962 2267; x_wconf 88' lang='lat' dir='ltr'>librum</span> <span class='ocrx_word' id='word_1_342' title='bbox 1992 2233 2044 2267; x_wconf 76' lang='lat' dir='ltr'>vel</span> 
     </span>
     <span class='ocr_line' id='line_1_33' title="bbox 174 2293 2046 2341; baseline 0.001 -14"><span class='ocrx_word' id='word_1_343' title='bbox 174 2293 315 2327; x_wconf 87' lang='lat' dir='ltr'>calicem</span> <span class='ocrx_word' id='word_1_344' title='bbox 343 2293 429 2327; x_wconf 87' lang='lat' dir='ltr'>dicte</span> <span class='ocrx_word' id='word_1_345' title='bbox 458 2294 602 2328; x_wconf 87' lang='lat' dir='ltr'>ecclesie</span> <span class='ocrx_word' id='word_1_346' title='bbox 630 2294 818 2339; x_wconf 78' lang='lat' dir='ltr'>legatierint</span> <span class='ocrx_word' id='word_1_347' title='bbox 847 2293 1045 2328; x_wconf 86' lang='lat' dir='ltr'>donaueriut</span> <span class='ocrx_word' id='word_1_348' title='bbox 1073 2294 1270 2328; x_wconf 88' lang='lat' dir='ltr'>donauerint</span> <span class='ocrx_word' id='word_1_349' title='bbox 1298 2293 1382 2340; x_wconf 79' lang='lat' dir='ltr'>(sic)</span> <span class='ocrx_word' id='word_1_350' title='bbox 1410 2299 1466 2329; x_wconf 86' lang='lat' dir='ltr'>aut</span> <span class='ocrx_word' id='word_1_351' title='bbox 1493 2294 1610 2330; x_wconf 88' lang='lat' dir='ltr'>donari</span> <span class='ocrx_word' id='word_1_352' title='bbox 1646 2296 1700 2330; x_wconf 76' lang='lat' dir='ltr'>vel</span> <span class='ocrx_word' id='word_1_353' title='bbox 1738 2295 1842 2337; x_wconf 70' lang='lat' dir='ltr'>legari</span> <span class='ocrx_word' id='word_1_354' title='bbox 1879 2305 2046 2341; x_wconf 87' lang='lat' dir='ltr'>procura-</span> 
     </span>
     <span class='ocr_line' id='line_1_34' title="bbox 178 2354 2044 2402; baseline 0.001 -14"><span class='ocrx_word' id='word_1_355' title='bbox 178 2356 297 2389; x_wconf 87' lang='lat' dir='ltr'>uerint.</span> <span class='ocrx_word' id='word_1_356' title='bbox 329 2358 384 2388; x_wconf 87' lang='lat' dir='ltr'>aut</span> <span class='ocrx_word' id='word_1_357' title='bbox 411 2357 465 2400; x_wconf 88' lang='lat' dir='ltr'>qui</span> <span class='ocrx_word' id='word_1_358' title='bbox 493 2354 782 2401; x_wconf 87' lang='lat' dir='ltr'>predicacionibus</span> <span class='ocrx_word' id='word_1_359' title='bbox 811 2358 842 2388; x_wconf 91' lang='lat' dir='ltr'>in</span> <span class='ocrx_word' id='word_1_360' title='bbox 873 2354 966 2389; x_wconf 86' lang='lat' dir='ltr'>festis</span> <span class='ocrx_word' id='word_1_361' title='bbox 994 2356 1191 2402; x_wconf 82' lang='lat' dir='ltr'>supradictis</span> <span class='ocrx_word' id='word_1_362' title='bbox 1220 2359 1253 2389; x_wconf 88' lang='lat' dir='ltr'>et</span> <span class='ocrx_word' id='word_1_363' title='bbox 1280 2358 1312 2389; x_wconf 90' lang='lat' dir='ltr'>in</span> <span class='ocrx_word' id='word_1_364' title='bbox 1342 2356 1495 2390; x_wconf 88' lang='lat' dir='ltr'>omnibus</span> <span class='ocrx_word' id='word_1_365' title='bbox 1525 2357 1596 2391; x_wconf 85' lang='lat' dir='ltr'>aliis</span> <span class='ocrx_word' id='word_1_366' title='bbox 1626 2356 1719 2391; x_wconf 86' lang='lat' dir='ltr'>festis</span> <span class='ocrx_word' id='word_1_367' title='bbox 1753 2360 1783 2390; x_wconf 87' lang='lat' dir='ltr'>in</span> <span class='ocrx_word' id='word_1_368' title='bbox 1821 2356 1871 2390; x_wconf 88' lang='lat' dir='ltr'>illa</span> <span class='ocrx_word' id='word_1_369' title='bbox 1901 2356 2044 2389; x_wconf 86' lang='lat' dir='ltr'>ecclesia</span> 
     </span>
     <span class='ocr_line' id='line_1_35' title="bbox 177 2415 2046 2464; baseline 0 -14"><span class='ocrx_word' id='word_1_370' title='bbox 177 2415 387 2450; x_wconf 81' lang='lat' dir='ltr'>interfuerint</span> <span class='ocrx_word' id='word_1_371' title='bbox 415 2427 473 2450; x_wconf 85' lang='lat' dir='ltr'>seu</span> <span class='ocrx_word' id='word_1_372' title='bbox 503 2419 555 2462; x_wconf 86' lang='lat' dir='ltr'>qui</span> <span class='ocrx_word' id='word_1_373' title='bbox 585 2420 716 2464; x_wconf 88' lang='lat' dir='ltr'>corpori</span> <span class='ocrx_word' id='word_1_374' title='bbox 748 2416 866 2451; x_wconf 81' lang='lat' dir='ltr'>Christi</span> <span class='ocrx_word' id='word_1_375' title='bbox 896 2417 950 2450; x_wconf 77' lang='lat' dir='ltr'>vel</span> <span class='ocrx_word' id='word_1_376' title='bbox 979 2417 1054 2451; x_wconf 88' lang='lat' dir='ltr'>oleo</span> <span class='ocrx_word' id='word_1_377' title='bbox 1083 2421 1200 2451; x_wconf 87' lang='lat' dir='ltr'>saneto</span> <span class='ocrx_word' id='word_1_378' title='bbox 1228 2428 1301 2450; x_wconf 87' lang='lat' dir='ltr'>cum</span> <span class='ocrx_word' id='word_1_379' title='bbox 1325 2422 1498 2463; x_wconf 87' lang='lat' dir='ltr'>portantur</span> <span class='ocrx_word' id='word_1_380' title='bbox 1521 2419 1658 2452; x_wconf 74' lang='lat' dir='ltr'>infirmis</span> <span class='ocrx_word' id='word_1_381' title='bbox 1679 2418 1832 2451; x_wconf 88' lang='lat' dir='ltr'>deuotam</span> <span class='ocrx_word' id='word_1_382' title='bbox 1856 2417 2046 2463; x_wconf 86' lang='lat' dir='ltr'>prebuerint</span> 
     </span>
     <span class='ocr_line' id='line_1_36' title="bbox 175 2478 2046 2526; baseline 0.001 -15"><span class='ocrx_word' id='word_1_383' title='bbox 175 2479 376 2511; x_wconf 84' lang='lat' dir='ltr'>comitiuam.</span> <span class='ocrx_word' id='word_1_384' title='bbox 407 2482 461 2511; x_wconf 89' lang='lat' dir='ltr'>aut</span> <span class='ocrx_word' id='word_1_385' title='bbox 486 2480 539 2523; x_wconf 89' lang='lat' dir='ltr'>qui</span> <span class='ocrx_word' id='word_1_386' title='bbox 562 2489 621 2524; x_wconf 87' lang='lat' dir='ltr'>pro</span> <span class='ocrx_word' id='word_1_387' title='bbox 640 2478 764 2512; x_wconf 85' lang='lat' dir='ltr'>salubri</span> <span class='ocrx_word' id='word_1_388' title='bbox 793 2483 878 2512; x_wconf 85' lang='lat' dir='ltr'>statu</span> <span class='ocrx_word' id='word_1_389' title='bbox 909 2478 1084 2512; x_wconf 87' lang='lat' dir='ltr'>reuerendi</span> <span class='ocrx_word' id='word_1_390' title='bbox 1115 2481 1216 2524; x_wconf 82' lang='lat' dir='ltr'>patris</span> <span class='ocrx_word' id='word_1_391' title='bbox 1245 2481 1391 2526; x_wconf 84' lang='lat' dir='ltr'>episcopi</span> <span class='ocrx_word' id='word_1_392' title='bbox 1422 2482 1515 2513; x_wconf 88' lang='lat' dir='ltr'>istam</span> <span class='ocrx_word' id='word_1_393' title='bbox 1546 2480 1791 2523; x_wconf 73' lang='lat' dir='ltr'>imlulg-enciam</span> <span class='ocrx_word' id='word_1_394' title='bbox 1820 2478 2046 2512; x_wconf 76' lang='lat' dir='ltr'>confirmantis</span> 
     </span>
     <span class='ocr_line' id='line_1_37' title="bbox 174 2537 2045 2587; baseline 0.001 -15"><span class='ocrx_word' id='word_1_395' title='bbox 174 2542 208 2573; x_wconf 85' lang='lat' dir='ltr'>et</span> <span class='ocrx_word' id='word_1_396' title='bbox 235 2537 449 2573; x_wconf 83' lang='lat' dir='ltr'>Wenceszlai</span> <span class='ocrx_word' id='word_1_397' title='bbox 479 2542 561 2573; x_wconf 82' lang='lat' dir='ltr'>ciuis</span> <span class='ocrx_word' id='word_1_398' title='bbox 591 2539 631 2573; x_wconf 89' lang='lat' dir='ltr'>de</span> <span class='ocrx_word' id='word_1_399' title='bbox 659 2539 876 2574; x_wconf 74' lang='lat' dir='ltr'>Naussedlicz</span> <span class='ocrx_word' id='word_1_400' title='bbox 905 2542 958 2584; x_wconf 84' lang='lat' dir='ltr'>qui</span> <span class='ocrx_word' id='word_1_401' title='bbox 988 2543 1081 2573; x_wconf 87' lang='lat' dir='ltr'>istam</span> <span class='ocrx_word' id='word_1_402' title='bbox 1113 2539 1358 2584; x_wconf 72' lang='lat' dir='ltr'>indulgenciam</span> <span class='ocrx_word' id='word_1_403' title='bbox 1388 2543 1602 2587; x_wconf 87' lang='lat' dir='ltr'>impetrarunt</span> <span class='ocrx_word' id='word_1_404' title='bbox 1623 2540 1698 2574; x_wconf 93' lang='lat' dir='ltr'>dum</span> <span class='ocrx_word' id='word_1_405' title='bbox 1722 2542 1875 2574; x_wconf 67' lang='lat' dir='ltr'>vixerint.</span> <span class='ocrx_word' id='word_1_406' title='bbox 1907 2544 1937 2574; x_wconf 88' lang='lat' dir='ltr'>et</span> <span class='ocrx_word' id='word_1_407' title='bbox 1967 2542 2045 2573; x_wconf 90' lang='lat' dir='ltr'>aui-</span> 
     </span>
     <span class='ocr_line' id='line_1_38' title="bbox 175 2598 2042 2649; baseline 0.001 -16"><span class='ocrx_word' id='word_1_408' title='bbox 175 2598 293 2634; x_wconf 88' lang='lat' dir='ltr'>mabus</span> <span class='ocrx_word' id='word_1_409' title='bbox 321 2611 436 2634; x_wconf 88' lang='lat' dir='ltr'>corum</span> <span class='ocrx_word' id='word_1_410' title='bbox 466 2611 540 2634; x_wconf 88' lang='lat' dir='ltr'>cum</span> <span class='ocrx_word' id='word_1_411' title='bbox 569 2600 610 2634; x_wconf 89' lang='lat' dir='ltr'>ab</span> <span class='ocrx_word' id='word_1_412' title='bbox 640 2600 701 2634; x_wconf 86' lang='lat' dir='ltr'>hac</span> <span class='ocrx_word' id='word_1_413' title='bbox 730 2601 804 2635; x_wconf 88' lang='lat' dir='ltr'>luce</span> <span class='ocrx_word' id='word_1_414' title='bbox 838 2604 1054 2645; x_wconf 66' lang='lat' dir='ltr'>migrant-rint</span> <span class='ocrx_word' id='word_1_415' title='bbox 1087 2606 1140 2634; x_wconf 86' lang='lat' dir='ltr'>aut</span> <span class='ocrx_word' id='word_1_416' title='bbox 1174 2603 1227 2646; x_wconf 84' lang='lat' dir='ltr'>qui</span> <span class='ocrx_word' id='word_1_417' title='bbox 1260 2604 1454 2636; x_wconf 86' lang='lat' dir='ltr'>cimiterium</span> <span class='ocrx_word' id='word_1_418' title='bbox 1492 2602 1638 2649; x_wconf 86' lang='lat' dir='ltr'>predicte</span> <span class='ocrx_word' id='word_1_419' title='bbox 1674 2602 1817 2635; x_wconf 79' lang='lat' dir='ltr'>ecclesie</span> <span class='ocrx_word' id='word_1_420' title='bbox 1855 2604 2042 2635; x_wconf 86' lang='lat' dir='ltr'>cireuierint</span> 
     </span>
     <span class='ocr_line' id='line_1_39' title="bbox 175 2661 2044 2708; baseline 0.001 -14"><span class='ocrx_word' id='word_1_421' title='bbox 175 2664 208 2694; x_wconf 84' lang='lat' dir='ltr'>et</span> <span class='ocrx_word' id='word_1_422' title='bbox 241 2672 301 2707; x_wconf 90' lang='lat' dir='ltr'>pro</span> <span class='ocrx_word' id='word_1_423' title='bbox 338 2661 511 2695; x_wconf 86' lang='lat' dir='ltr'>animabus</span> <span class='ocrx_word' id='word_1_424' title='bbox 545 2664 690 2696; x_wconf 87' lang='lat' dir='ltr'>onmium</span> <span class='ocrx_word' id='word_1_425' title='bbox 727 2662 846 2697; x_wconf 90' lang='lat' dir='ltr'>ibidem</span> <span class='ocrx_word' id='word_1_426' title='bbox 881 2665 1126 2708; x_wconf 68' lang='lat' dir='ltr'>quies-cencium</span> <span class='ocrx_word' id='word_1_427' title='bbox 1162 2667 1193 2696; x_wconf 87' lang='lat' dir='ltr'>et</span> <span class='ocrx_word' id='word_1_428' title='bbox 1228 2666 1372 2698; x_wconf 83' lang='lat' dir='ltr'>emnium</span> <span class='ocrx_word' id='word_1_429' title='bbox 1409 2664 1549 2697; x_wconf 90' lang='lat' dir='ltr'>lidelium</span> <span class='ocrx_word' id='word_1_430' title='bbox 1586 2662 1816 2696; x_wconf 84' lang='lat' dir='ltr'>defunctorum</span> <span class='ocrx_word' id='word_1_431' title='bbox 1851 2665 2044 2697; x_wconf 85' lang='lat' dir='ltr'>oracionem</span> 
     </span>
    </p>
   </div>
  </div>
 </body>
</html>
