<?xml version="1.0" encoding="UTF-8"?>
<!DOCTYPE html PUBLIC "-//W3C//DTD XHTML 1.0 Transitional//EN"
    "http://www.w3.org/TR/xhtml1/DTD/xhtml1-transitional.dtd">
<html xmlns="http://www.w3.org/1999/xhtml" xml:lang="en" lang="en">
 <head>
  <title>
</title>
<meta http-equiv="Content-Type" content="text/html;charset=utf-8" />
  <meta name='ocr-system' content='tesseract 3.04.00' />
  <meta name='ocr-capabilities' content='ocr_page ocr_carea ocr_par ocr_line ocrx_word'/>
</head>
<body>
  <div class='ocr_page' id='page_1' title='image "./codexdiplomaticu06morauoft_0458.png"; bbox 0 0 2325 2941; ppageno 0'>
   <div class='ocr_carea' id='block_1_1' title="bbox 297 238 2162 2670">
    <p class='ocr_par' dir='ltr' id='par_1_1' title="bbox 298 238 2158 408">
     <span class='ocr_line' id='line_1_1' title="bbox 300 238 2155 288; baseline 0.002 -14"><span class='ocrx_word' id='word_1_1' title='bbox 300 239 495 274; x_wconf 80' lang='lat' dir='ltr'>tucionibus.</span> <span class='ocrx_word' id='word_1_2' title='bbox 526 250 606 284; x_wconf 83' lang='lat' dir='ltr'>quas</span> <span class='ocrx_word' id='word_1_3' title='bbox 636 242 666 272; x_wconf 90' lang='lat' dir='ltr'>in</span> <span class='ocrx_word' id='word_1_4' title='bbox 696 241 840 284; x_wconf 71' lang='lat' dir='ltr'>presenti</span> <span class='ocrx_word' id='word_1_5' title='bbox 870 239 1118 284; x_wconf 65' lang='lat' dir='ltr'>promulganms</span> <span class='ocrx_word' id='word_1_6' title='bbox 1149 238 1288 282; x_wconf 68' lang='lat' dir='ltr'>Saleiio,</span> <span class='ocrx_word' id='word_1_7' title='bbox 1320 244 1426 273; x_wconf 88' lang='lat' dir='ltr'>utatur</span> <span class='ocrx_word' id='word_1_8' title='bbox 1454 241 1562 275; x_wconf 88' lang='lat' dir='ltr'>clerus</span> <span class='ocrx_word' id='word_1_9' title='bbox 1591 246 1705 276; x_wconf 85' lang='lat' dir='ltr'>nostre</span> <span class='ocrx_word' id='word_1_10' title='bbox 1734 242 1890 287; x_wconf 88' lang='lat' dir='ltr'>diocesis,</span> <span class='ocrx_word' id='word_1_11' title='bbox 1920 248 1952 278; x_wconf 93' lang='lat' dir='ltr'>et</span> <span class='ocrx_word' id='word_1_12' title='bbox 1974 244 2155 288; x_wconf 85' lang='lat' dir='ltr'>nonalijs.</span> 
     </span>
     <span class='ocr_line' id='line_1_2' title="bbox 298 299 2158 348; baseline 0.002 -13"><span class='ocrx_word' id='word_1_13' title='bbox 298 301 339 336; x_wconf 91' lang='lat' dir='ltr'>Et</span> <span class='ocrx_word' id='word_1_14' title='bbox 368 304 454 347; x_wconf 74' lang='lat' dir='ltr'>ipsas</span> <span class='ocrx_word' id='word_1_15' title='bbox 484 300 658 344; x_wconf 68' lang='lat' dir='ltr'>diligenter</span> <span class='ocrx_word' id='word_1_16' title='bbox 687 300 769 333; x_wconf 81' lang='lat' dir='ltr'>inl&#39;ra</span> <span class='ocrx_word' id='word_1_17' title='bbox 801 299 937 333; x_wconf 86' lang='lat' dir='ltr'>duorum</span> <span class='ocrx_word' id='word_1_18' title='bbox 969 303 1129 333; x_wconf 81' lang='lat' dir='ltr'>niensium</span> <span class='ocrx_word' id='word_1_19' title='bbox 1159 303 1306 346; x_wconf 80' lang='lat' dir='ltr'>spacium</span> <span class='ocrx_word' id='word_1_20' title='bbox 1336 312 1354 334; x_wconf 88' lang='lat' dir='ltr'>a</span> <span class='ocrx_word' id='word_1_21' title='bbox 1383 301 1613 346; x_wconf 84' lang='lat' dir='ltr'>publicacione</span> <span class='ocrx_word' id='word_1_22' title='bbox 1642 305 1854 348; x_wconf 87' lang='lat' dir='ltr'>presencium</span> <span class='ocrx_word' id='word_1_23' title='bbox 1874 304 2014 339; x_wconf 80' lang='lat' dir='ltr'>rescribi</span> <span class='ocrx_word' id='word_1_24' title='bbox 2034 304 2158 339; x_wconf 85' lang='lat' dir='ltr'>faciant</span> 
     </span>
     <span class='ocr_line' id='line_1_3' title="bbox 299 361 1618 408; baseline 0 -11"><span class='ocrx_word' id='word_1_25' title='bbox 299 367 330 397; x_wconf 87' lang='lat' dir='ltr'>et</span> <span class='ocrx_word' id='word_1_26' title='bbox 358 365 389 396; x_wconf 89' lang='lat' dir='ltr'>in</span> <span class='ocrx_word' id='word_1_27' title='bbox 419 364 499 407; x_wconf 71' lang='lat' dir='ltr'>ipsis</span> <span class='ocrx_word' id='word_1_28' title='bbox 529 365 684 394; x_wconf 89' lang='lat' dir='ltr'>contenta</span> <span class='ocrx_word' id='word_1_29' title='bbox 714 361 881 395; x_wconf 75' lang='lat' dir='ltr'>servando</span> <span class='ocrx_word' id='word_1_30' title='bbox 911 373 1037 406; x_wconf 90' lang='lat' dir='ltr'>suoque</span> <span class='ocrx_word' id='word_1_31' title='bbox 1066 361 1139 395; x_wconf 78' lang='lat' dir='ltr'>loeo</span> <span class='ocrx_word' id='word_1_32' title='bbox 1169 366 1201 395; x_wconf 89' lang='lat' dir='ltr'>et</span> <span class='ocrx_word' id='word_1_33' title='bbox 1230 366 1378 407; x_wconf 89' lang='lat' dir='ltr'>tempore</span> <span class='ocrx_word' id='word_1_34' title='bbox 1409 363 1618 408; x_wconf 56' lang='lat' dir='ltr'>exequenda.</span> 
     </span>
    </p>

    <p class='ocr_par' dir='ltr' id='par_1_2' title="bbox 297 422 2161 1387">
     <span class='ocr_line' id='line_1_4' title="bbox 478 422 2158 468; baseline 0.003 -13"><span class='ocrx_word' id='word_1_35' title='bbox 478 422 570 456; x_wconf 82' lang='lat' dir='ltr'>Licet</span> <span class='ocrx_word' id='word_1_36' title='bbox 600 434 617 455; x_wconf 91' lang='lat' dir='ltr'>a</span> <span class='ocrx_word' id='word_1_37' title='bbox 647 425 769 456; x_wconf 80' lang='lat' dir='ltr'>sanetis</span> <span class='ocrx_word' id='word_1_38' title='bbox 805 422 951 468; x_wconf 83' lang='lat' dir='ltr'>patribus</span> <span class='ocrx_word' id='word_1_39' title='bbox 988 425 1019 455; x_wconf 91' lang='lat' dir='ltr'>in</span> <span class='ocrx_word' id='word_1_40' title='bbox 1062 427 1252 457; x_wconf 85' lang='lat' dir='ltr'>sanctorum</span> <span class='ocrx_word' id='word_1_41' title='bbox 1281 434 1448 456; x_wconf 87' lang='lat' dir='ltr'>canonum</span> <span class='ocrx_word' id='word_1_42' title='bbox 1478 424 1629 458; x_wconf 80' lang='lat' dir='ltr'>edicione</span> <span class='ocrx_word' id='word_1_43' title='bbox 1659 429 1775 458; x_wconf 86' lang='lat' dir='ltr'>contra</span> <span class='ocrx_word' id='word_1_44' title='bbox 1806 424 2051 459; x_wconf 81' lang='lat' dir='ltr'>cohabitatores</span> <span class='ocrx_word' id='word_1_45' title='bbox 2081 437 2158 460; x_wconf 90' lang='lat' dir='ltr'>ma-</span> 
     </span>
     <span class='ocr_line' id='line_1_5' title="bbox 298 482 2158 531; baseline 0.002 -14"><span class='ocrx_word' id='word_1_46' title='bbox 298 483 436 518; x_wconf 78' lang='lat' dir='ltr'>nifestos</span> <span class='ocrx_word' id='word_1_47' title='bbox 466 483 602 529; x_wconf 86' lang='lat' dir='ltr'>plurima</span> <span class='ocrx_word' id='word_1_48' title='bbox 633 486 862 517; x_wconf 80' lang='lat' dir='ltr'>emanauerint</span> <span class='ocrx_word' id='word_1_49' title='bbox 891 488 1021 518; x_wconf 83' lang='lat' dir='ltr'>statuta.</span> <span class='ocrx_word' id='word_1_50' title='bbox 1053 486 1085 516; x_wconf 90' lang='lat' dir='ltr'>in</span> <span class='ocrx_word' id='word_1_51' title='bbox 1115 482 1232 528; x_wconf 92' lang='lat' dir='ltr'>quibus</span> <span class='ocrx_word' id='word_1_52' title='bbox 1262 483 1446 518; x_wconf 86' lang='lat' dir='ltr'>canonibus</span> <span class='ocrx_word' id='word_1_53' title='bbox 1475 485 1649 520; x_wconf 88' lang='lat' dir='ltr'>euidenter</span> <span class='ocrx_word' id='word_1_54' title='bbox 1676 485 1901 531; x_wconf 72' lang='lat' dir='ltr'>perpenditur,</span> <span class='ocrx_word' id='word_1_55' title='bbox 1937 486 2023 530; x_wconf 89' lang='lat' dir='ltr'>quod</span> <span class='ocrx_word' id='word_1_56' title='bbox 2053 486 2158 521; x_wconf 89' lang='lat' dir='ltr'>nullus</span> 
     </span>
     <span class='ocr_line' id='line_1_6' title="bbox 297 544 2158 589; baseline 0.002 -12"><span class='ocrx_word' id='word_1_57' title='bbox 297 544 504 578; x_wconf 82' lang='lat' dir='ltr'>sacerdotum</span> <span class='ocrx_word' id='word_1_58' title='bbox 549 544 658 577; x_wconf 89' lang='lat' dir='ltr'>audiat</span> <span class='ocrx_word' id='word_1_59' title='bbox 700 547 845 581; x_wconf 72' lang='lat' dir='ltr'>missam.</span> <span class='ocrx_word' id='word_1_60' title='bbox 889 555 985 589; x_wconf 88' lang='lat' dir='ltr'>quem</span> <span class='ocrx_word' id='word_1_61' title='bbox 1021 544 1243 578; x_wconf 74' lang='lat' dir='ltr'>indubitanter</span> <span class='ocrx_word' id='word_1_62' title='bbox 1276 544 1400 578; x_wconf 87' lang='lat' dir='ltr'>habere</span> <span class='ocrx_word' id='word_1_63' title='bbox 1434 549 1564 579; x_wconf 87' lang='lat' dir='ltr'>nouerit</span> <span class='ocrx_word' id='word_1_64' title='bbox 1592 546 1838 580; x_wconf 77' lang='lat' dir='ltr'>concubinam.</span> <span class='ocrx_word' id='word_1_65' title='bbox 1873 546 1944 581; x_wconf 88' lang='lat' dir='ltr'>Nos</span> <span class='ocrx_word' id='word_1_66' title='bbox 1972 546 2158 581; x_wconf 89' lang='lat' dir='ltr'>huiusmodi</span> 
     </span>
     <span class='ocr_line' id='line_1_7' title="bbox 298 605 2159 652; baseline 0.002 -13"><span class='ocrx_word' id='word_1_67' title='bbox 298 608 418 639; x_wconf 85' lang='lat' dir='ltr'>uicium</span> <span class='ocrx_word' id='word_1_68' title='bbox 447 617 464 638; x_wconf 88' lang='lat' dir='ltr'>a</span> <span class='ocrx_word' id='word_1_69' title='bbox 495 608 617 640; x_wconf 82' lang='lat' dir='ltr'>sanctis</span> <span class='ocrx_word' id='word_1_70' title='bbox 648 605 794 651; x_wconf 86' lang='lat' dir='ltr'>patribus</span> <span class='ocrx_word' id='word_1_71' title='bbox 824 605 863 639; x_wconf 86' lang='lat' dir='ltr'>de</span> <span class='ocrx_word' id='word_1_72' title='bbox 893 616 1007 638; x_wconf 87' lang='lat' dir='ltr'>eorum</span> <span class='ocrx_word' id='word_1_73' title='bbox 1035 605 1302 639; x_wconf 88' lang='lat' dir='ltr'>institucionibus</span> <span class='ocrx_word' id='word_1_74' title='bbox 1330 606 1543 652; x_wconf 87' lang='lat' dir='ltr'>prohibemus</span> <span class='ocrx_word' id='word_1_75' title='bbox 1573 607 1730 641; x_wconf 85' lang='lat' dir='ltr'>detestari</span> <span class='ocrx_word' id='word_1_76' title='bbox 1759 610 1843 641; x_wconf 89' lang='lat' dir='ltr'>sicut</span> <span class='ocrx_word' id='word_1_77' title='bbox 1863 607 2017 652; x_wconf 81' lang='lat' dir='ltr'>religioni</span> <span class='ocrx_word' id='word_1_78' title='bbox 2039 619 2159 642; x_wconf 86' lang='lat' dir='ltr'>sacer—</span> 
     </span>
     <span class='ocr_line' id='line_1_8' title="bbox 299 666 2156 714; baseline 0.001 -14"><span class='ocrx_word' id='word_1_79' title='bbox 299 667 408 701; x_wconf 90' lang='lat' dir='ltr'>dotum</span> <span class='ocrx_word' id='word_1_80' title='bbox 451 670 607 700; x_wconf 84' lang='lat' dir='ltr'>conuenit</span> <span class='ocrx_word' id='word_1_81' title='bbox 636 669 832 712; x_wconf 88' lang='lat' dir='ltr'>cupientes.</span> <span class='ocrx_word' id='word_1_82' title='bbox 862 666 1038 700; x_wconf 80' lang='lat' dir='ltr'>Menenius</span> <span class='ocrx_word' id='word_1_83' title='bbox 1068 677 1184 701; x_wconf 83' lang='lat' dir='ltr'>omnes</span> <span class='ocrx_word' id='word_1_84' title='bbox 1212 667 1358 713; x_wconf 87' lang='lat' dir='ltr'>prelatos</span> <span class='ocrx_word' id='word_1_85' title='bbox 1387 671 1420 701; x_wconf 86' lang='lat' dir='ltr'>et</span> <span class='ocrx_word' id='word_1_86' title='bbox 1448 667 1589 702; x_wconf 88' lang='lat' dir='ltr'>clericos</span> <span class='ocrx_word' id='word_1_87' title='bbox 1618 672 1731 702; x_wconf 86' lang='lat' dir='ltr'>nostre</span> <span class='ocrx_word' id='word_1_88' title='bbox 1761 668 1928 714; x_wconf 73' lang='lat' dir='ltr'>dyocesis,</span> <span class='ocrx_word' id='word_1_89' title='bbox 1962 672 1996 702; x_wconf 90' lang='lat' dir='ltr'>ut</span> <span class='ocrx_word' id='word_1_90' title='bbox 2023 679 2156 702; x_wconf 89' lang='lat' dir='ltr'>conue-</span> 
     </span>
     <span class='ocr_line' id='line_1_9' title="bbox 299 727 2157 773; baseline 0.001 -11"><span class='ocrx_word' id='word_1_91' title='bbox 299 731 429 762; x_wconf 85' lang='lat' dir='ltr'>nienter</span> <span class='ocrx_word' id='word_1_92' title='bbox 456 732 489 762; x_wconf 86' lang='lat' dir='ltr'>et</span> <span class='ocrx_word' id='word_1_93' title='bbox 517 732 608 761; x_wconf 82' lang='lat' dir='ltr'>caste</span> <span class='ocrx_word' id='word_1_94' title='bbox 636 731 752 761; x_wconf 67' lang='lat' dir='ltr'>viuere</span> <span class='ocrx_word' id='word_1_95' title='bbox 782 727 935 771; x_wconf 67' lang='lat' dir='ltr'>debeant,</span> <span class='ocrx_word' id='word_1_96' title='bbox 967 732 999 761; x_wconf 89' lang='lat' dir='ltr'>et</span> <span class='ocrx_word' id='word_1_97' title='bbox 1027 727 1113 773; x_wconf 88' lang='lat' dir='ltr'>quod</span> <span class='ocrx_word' id='word_1_98' title='bbox 1143 732 1315 773; x_wconf 85' lang='lat' dir='ltr'>suspectas</span> <span class='ocrx_word' id='word_1_99' title='bbox 1344 728 1486 763; x_wconf 85' lang='lat' dir='ltr'>feminas</span> <span class='ocrx_word' id='word_1_100' title='bbox 1510 740 1624 763; x_wconf 86' lang='lat' dir='ltr'>secum</span> <span class='ocrx_word' id='word_1_101' title='bbox 1647 729 1832 763; x_wconf 87' lang='lat' dir='ltr'>nullatenus</span> <span class='ocrx_word' id='word_1_102' title='bbox 1849 732 1881 763; x_wconf 91' lang='lat' dir='ltr'>in</span> <span class='ocrx_word' id='word_1_103' title='bbox 1898 729 1995 764; x_wconf 91' lang='lat' dir='ltr'>domo</span> <span class='ocrx_word' id='word_1_104' title='bbox 2012 734 2157 773; x_wconf 84' lang='lat' dir='ltr'>teneant,</span> 
     </span>
     <span class='ocr_line' id='line_1_10' title="bbox 299 788 2159 836; baseline 0.001 -13"><span class='ocrx_word' id='word_1_105' title='bbox 299 793 330 823; x_wconf 90' lang='lat' dir='ltr'>et</span> <span class='ocrx_word' id='word_1_106' title='bbox 359 789 400 822; x_wconf 88' lang='lat' dir='ltr'>ad</span> <span class='ocrx_word' id='word_1_107' title='bbox 429 788 491 823; x_wconf 89' lang='lat' dir='ltr'>hoc</span> <span class='ocrx_word' id='word_1_108' title='bbox 520 789 684 829; x_wconf 67' lang='lat' dir='ltr'>studeant,</span> <span class='ocrx_word' id='word_1_109' title='bbox 714 793 747 822; x_wconf 91' lang='lat' dir='ltr'>ut</span> <span class='ocrx_word' id='word_1_110' title='bbox 775 800 890 822; x_wconf 87' lang='lat' dir='ltr'>eorum</span> <span class='ocrx_word' id='word_1_111' title='bbox 919 792 984 823; x_wconf 88' lang='lat' dir='ltr'>uita</span> <span class='ocrx_word' id='word_1_112' title='bbox 1015 789 1076 823; x_wconf 89' lang='lat' dir='ltr'>deo</span> <span class='ocrx_word' id='word_1_113' title='bbox 1106 793 1138 823; x_wconf 90' lang='lat' dir='ltr'>et</span> <span class='ocrx_word' id='word_1_114' title='bbox 1166 789 1353 824; x_wconf 86' lang='lat' dir='ltr'>hominibus</span> <span class='ocrx_word' id='word_1_115' title='bbox 1382 792 1423 824; x_wconf 90' lang='lat' dir='ltr'>sit</span> <span class='ocrx_word' id='word_1_116' title='bbox 1450 790 1612 836; x_wconf 89' lang='lat' dir='ltr'>placibilis</span> <span class='ocrx_word' id='word_1_117' title='bbox 1642 795 1673 824; x_wconf 88' lang='lat' dir='ltr'>et</span> <span class='ocrx_word' id='word_1_118' title='bbox 1701 793 1733 824; x_wconf 93' lang='lat' dir='ltr'>in</span> <span class='ocrx_word' id='word_1_119' title='bbox 1763 802 1877 824; x_wconf 87' lang='lat' dir='ltr'>eorum</span> <span class='ocrx_word' id='word_1_120' title='bbox 1911 790 2037 825; x_wconf 88' lang='lat' dir='ltr'>actibus</span> <span class='ocrx_word' id='word_1_121' title='bbox 2068 793 2159 825; x_wconf 87' lang='lat' dir='ltr'>irre-</span> 
     </span>
     <span class='ocr_line' id='line_1_11' title="bbox 301 849 2161 896; baseline 0.001 -13"><span class='ocrx_word' id='word_1_122' title='bbox 301 850 542 896; x_wconf 73' lang='lat' dir='ltr'>prehensibiles</span> <span class='ocrx_word' id='word_1_123' title='bbox 572 849 780 883; x_wconf 70' lang='lat' dir='ltr'>habeantur.</span> <span class='ocrx_word' id='word_1_124' title='bbox 812 850 973 884; x_wconf 84' lang='lat' dir='ltr'>Statutum</span> <span class='ocrx_word' id='word_1_125' title='bbox 1003 853 1091 884; x_wconf 91' lang='lat' dir='ltr'>enim</span> <span class='ocrx_word' id='word_1_126' title='bbox 1119 850 1333 896; x_wconf 85' lang='lat' dir='ltr'>prouincialis</span> <span class='ocrx_word' id='word_1_127' title='bbox 1362 851 1491 895; x_wconf 82' lang='lat' dir='ltr'>concilij</span> <span class='ocrx_word' id='word_1_128' title='bbox 1531 856 1646 886; x_wconf 89' lang='lat' dir='ltr'>contra</span> <span class='ocrx_word' id='word_1_129' title='bbox 1676 851 1922 886; x_wconf 75' lang='lat' dir='ltr'>cohabitatores</span> <span class='ocrx_word' id='word_1_130' title='bbox 1964 856 1996 886; x_wconf 92' lang='lat' dir='ltr'>et</span> <span class='ocrx_word' id='word_1_131' title='bbox 2037 854 2161 886; x_wconf 90' lang='lat' dir='ltr'>incon-</span> 
     </span>
     <span class='ocr_line' id='line_1_12' title="bbox 300 911 2157 958; baseline 0.001 -13"><span class='ocrx_word' id='word_1_132' title='bbox 300 914 477 945; x_wconf 85' lang='lat' dir='ltr'>tinenciam</span> <span class='ocrx_word' id='word_1_133' title='bbox 507 911 705 945; x_wconf 85' lang='lat' dir='ltr'>elericorum</span> <span class='ocrx_word' id='word_1_134' title='bbox 734 911 979 957; x_wconf 73' lang='lat' dir='ltr'>promulgatum</span> <span class='ocrx_word' id='word_1_135' title='bbox 1008 914 1128 957; x_wconf 82' lang='lat' dir='ltr'>exequi</span> <span class='ocrx_word' id='word_1_136' title='bbox 1157 911 1311 945; x_wconf 74' lang='lat' dir='ltr'>volumus</span> <span class='ocrx_word' id='word_1_137' title='bbox 1341 916 1372 945; x_wconf 88' lang='lat' dir='ltr'>et</span> <span class='ocrx_word' id='word_1_138' title='bbox 1401 915 1599 957; x_wconf 79' lang='lat' dir='ltr'>exequimur</span> <span class='ocrx_word' id='word_1_139' title='bbox 1627 915 1658 946; x_wconf 93' lang='lat' dir='ltr'>in</span> <span class='ocrx_word' id='word_1_140' title='bbox 1688 916 1846 958; x_wconf 72' lang='lat' dir='ltr'>presenti,</span> <span class='ocrx_word' id='word_1_141' title='bbox 1883 915 1930 947; x_wconf 87' lang='lat' dir='ltr'>sic</span> <span class='ocrx_word' id='word_1_142' title='bbox 1959 912 2045 958; x_wconf 92' lang='lat' dir='ltr'>quod</span> <span class='ocrx_word' id='word_1_143' title='bbox 2075 913 2157 947; x_wconf 87' lang='lat' dir='ltr'>tales</span> 
     </span>
     <span class='ocr_line' id='line_1_13' title="bbox 298 972 2159 1019; baseline 0.001 -13"><span class='ocrx_word' id='word_1_144' title='bbox 298 972 542 1007; x_wconf 78' lang='lat' dir='ltr'>cohabitatores</span> <span class='ocrx_word' id='word_1_145' title='bbox 572 984 615 1006; x_wconf 81' lang='lat' dir='ltr'>ex</span> <span class='ocrx_word' id='word_1_146' title='bbox 644 975 761 1017; x_wconf 77' lang='lat' dir='ltr'>uigore</span> <span class='ocrx_word' id='word_1_147' title='bbox 790 977 821 1006; x_wconf 86' lang='lat' dir='ltr'>et</span> <span class='ocrx_word' id='word_1_148' title='bbox 850 975 1045 1006; x_wconf 84' lang='lat' dir='ltr'>auctoritate</span> <span class='ocrx_word' id='word_1_149' title='bbox 1074 972 1212 1018; x_wconf 87' lang='lat' dir='ltr'>predicti</span> <span class='ocrx_word' id='word_1_150' title='bbox 1241 973 1370 1017; x_wconf 88' lang='lat' dir='ltr'>coneilij</span> <span class='ocrx_word' id='word_1_151' title='bbox 1402 984 1536 1007; x_wconf 84' lang='lat' dir='ltr'>exnunc</span> <span class='ocrx_word' id='word_1_152' title='bbox 1564 978 1660 1019; x_wconf 86' lang='lat' dir='ltr'>prout</span> <span class='ocrx_word' id='word_1_153' title='bbox 1689 979 1825 1017; x_wconf 85' lang='lat' dir='ltr'>extunc,</span> <span class='ocrx_word' id='word_1_154' title='bbox 1868 977 1952 1008; x_wconf 89' lang='lat' dir='ltr'>sicut</span> <span class='ocrx_word' id='word_1_155' title='bbox 1979 977 2012 1008; x_wconf 92' lang='lat' dir='ltr'>in</span> <span class='ocrx_word' id='word_1_156' title='bbox 2040 973 2159 1008; x_wconf 88' lang='lat' dir='ltr'>eodem</span> 
     </span>
     <span class='ocr_line' id='line_1_14' title="bbox 297 1033 2160 1081; baseline 0.001 -14"><span class='ocrx_word' id='word_1_157' title='bbox 297 1034 438 1068; x_wconf 86' lang='lat' dir='ltr'>coneilio</span> <span class='ocrx_word' id='word_1_158' title='bbox 477 1036 676 1068; x_wconf 84' lang='lat' dir='ltr'>continetur.</span> <span class='ocrx_word' id='word_1_159' title='bbox 706 1036 774 1068; x_wconf 84' lang='lat' dir='ltr'>suis</span> <span class='ocrx_word' id='word_1_160' title='bbox 804 1036 921 1079; x_wconf 88' lang='lat' dir='ltr'>priuati</span> <span class='ocrx_word' id='word_1_161' title='bbox 950 1033 1122 1078; x_wconf 86' lang='lat' dir='ltr'>benelicijs</span> <span class='ocrx_word' id='word_1_162' title='bbox 1151 1038 1183 1067; x_wconf 91' lang='lat' dir='ltr'>et</span> <span class='ocrx_word' id='word_1_163' title='bbox 1212 1045 1230 1067; x_wconf 90' lang='lat' dir='ltr'>a</span> <span class='ocrx_word' id='word_1_164' title='bbox 1260 1034 1445 1068; x_wconf 88' lang='lat' dir='ltr'>diuinorum</span> <span class='ocrx_word' id='word_1_165' title='bbox 1481 1034 1600 1080; x_wconf 78' lang='lat' dir='ltr'>officijs</span> <span class='ocrx_word' id='word_1_166' title='bbox 1636 1037 1700 1069; x_wconf 89' lang='lat' dir='ltr'>sint</span> <span class='ocrx_word' id='word_1_167' title='bbox 1734 1037 1900 1081; x_wconf 87' lang='lat' dir='ltr'>suspensi,</span> <span class='ocrx_word' id='word_1_168' title='bbox 1934 1039 2068 1081; x_wconf 89' lang='lat' dir='ltr'>propter</span> <span class='ocrx_word' id='word_1_169' title='bbox 2096 1034 2160 1069; x_wconf 86' lang='lat' dir='ltr'>hoc</span> 
     </span>
     <span class='ocr_line' id='line_1_15' title="bbox 300 1094 2160 1142; baseline 0.001 -13"><span class='ocrx_word' id='word_1_170' title='bbox 300 1098 386 1129; x_wconf 86' lang='lat' dir='ltr'>enim</span> <span class='ocrx_word' id='word_1_171' title='bbox 429 1098 500 1129; x_wconf 87' lang='lat' dir='ltr'>sine</span> <span class='ocrx_word' id='word_1_172' title='bbox 543 1094 689 1141; x_wconf 88' lang='lat' dir='ltr'>qualibet</span> <span class='ocrx_word' id='word_1_173' title='bbox 731 1095 963 1129; x_wconf 88' lang='lat' dir='ltr'>admonicione</span> <span class='ocrx_word' id='word_1_174' title='bbox 996 1098 1028 1128; x_wconf 92' lang='lat' dir='ltr'>in</span> <span class='ocrx_word' id='word_1_175' title='bbox 1066 1094 1304 1129; x_wconf 77' lang='lat' dir='ltr'>beneficiorum</span> <span class='ocrx_word' id='word_1_176' title='bbox 1346 1098 1541 1141; x_wconf 86' lang='lat' dir='ltr'>priuacione</span> <span class='ocrx_word' id='word_1_177' title='bbox 1576 1099 1608 1130; x_wconf 91' lang='lat' dir='ltr'>et</span> <span class='ocrx_word' id='word_1_178' title='bbox 1636 1098 1856 1142; x_wconf 76' lang='lat' dir='ltr'>suspensione</span> <span class='ocrx_word' id='word_1_179' title='bbox 1885 1096 2071 1131; x_wconf 88' lang='lat' dir='ltr'>diuinorum</span> <span class='ocrx_word' id='word_1_180' title='bbox 2099 1107 2160 1142; x_wconf 86' lang='lat' dir='ltr'>per</span> 
     </span>
     <span class='ocr_line' id='line_1_16' title="bbox 302 1156 2160 1204; baseline 0.001 -14"><span class='ocrx_word' id='word_1_181' title='bbox 302 1161 473 1203; x_wconf 78' lang='lat' dir='ltr'>presentes</span> <span class='ocrx_word' id='word_1_182' title='bbox 504 1168 624 1202; x_wconf 89' lang='lat' dir='ltr'>penam</span> <span class='ocrx_word' id='word_1_183' title='bbox 653 1156 784 1190; x_wconf 87' lang='lat' dir='ltr'>concilii</span> <span class='ocrx_word' id='word_1_184' title='bbox 814 1156 1002 1201; x_wconf 71' lang='lat' dir='ltr'>infligimus,</span> <span class='ocrx_word' id='word_1_185' title='bbox 1033 1168 1106 1190; x_wconf 90' lang='lat' dir='ltr'>cum</span> <span class='ocrx_word' id='word_1_186' title='bbox 1135 1160 1303 1190; x_wconf 76' lang='lat' dir='ltr'>veraciter</span> <span class='ocrx_word' id='word_1_187' title='bbox 1331 1157 1565 1194; x_wconf 80' lang='lat' dir='ltr'>intelleximus.</span> <span class='ocrx_word' id='word_1_188' title='bbox 1596 1157 1682 1203; x_wconf 89' lang='lat' dir='ltr'>quod</span> <span class='ocrx_word' id='word_1_189' title='bbox 1718 1161 1873 1192; x_wconf 86' lang='lat' dir='ltr'>statutum</span> <span class='ocrx_word' id='word_1_190' title='bbox 1906 1157 2038 1202; x_wconf 90' lang='lat' dir='ltr'>concilij</span> <span class='ocrx_word' id='word_1_191' title='bbox 2074 1168 2160 1204; x_wconf 88' lang='lat' dir='ltr'>pro—</span> 
     </span>
     <span class='ocr_line' id='line_1_17' title="bbox 299 1217 2160 1265; baseline 0.001 -14"><span class='ocrx_word' id='word_1_192' title='bbox 299 1218 448 1252; x_wconf 85' lang='lat' dir='ltr'>uincialis</span> <span class='ocrx_word' id='word_1_193' title='bbox 490 1217 627 1264; x_wconf 87' lang='lat' dir='ltr'>predicti</span> <span class='ocrx_word' id='word_1_194' title='bbox 669 1228 710 1251; x_wconf 89' lang='lat' dir='ltr'>eo</span> <span class='ocrx_word' id='word_1_195' title='bbox 752 1222 913 1263; x_wconf 87' lang='lat' dir='ltr'>tempore,</span> <span class='ocrx_word' id='word_1_196' title='bbox 957 1229 1021 1263; x_wconf 92' lang='lat' dir='ltr'>quo</span> <span class='ocrx_word' id='word_1_197' title='bbox 1056 1217 1198 1251; x_wconf 82' lang='lat' dir='ltr'>feliciter</span> <span class='ocrx_word' id='word_1_198' title='bbox 1239 1222 1399 1252; x_wconf 80' lang='lat' dir='ltr'>memorie</span> <span class='ocrx_word' id='word_1_199' title='bbox 1428 1218 1579 1253; x_wconf 85' lang='lat' dir='ltr'>dominus</span> <span class='ocrx_word' id='word_1_200' title='bbox 1609 1219 1724 1253; x_wconf 86' lang='lat' dir='ltr'>Petrus</span> <span class='ocrx_word' id='word_1_201' title='bbox 1759 1221 1936 1265; x_wconf 87' lang='lat' dir='ltr'>episcopus</span> <span class='ocrx_word' id='word_1_202' title='bbox 1965 1221 1996 1252; x_wconf 93' lang='lat' dir='ltr'>in</span> <span class='ocrx_word' id='word_1_203' title='bbox 2026 1221 2160 1252; x_wconf 90' lang='lat' dir='ltr'>ciuitate</span> 
     </span>
     <span class='ocr_line' id='line_1_18' title="bbox 299 1278 2161 1327; baseline 0 -14"><span class='ocrx_word' id='word_1_204' title='bbox 299 1278 477 1313; x_wconf 71' lang='lat' dir='ltr'>Cremisier</span> <span class='ocrx_word' id='word_1_205' title='bbox 519 1279 678 1312; x_wconf 84' lang='lat' dir='ltr'>Sinoduni</span> <span class='ocrx_word' id='word_1_206' title='bbox 721 1279 962 1317; x_wconf 70' lang='lat' dir='ltr'>celebrauerit.</span> <span class='ocrx_word' id='word_1_207' title='bbox 1007 1278 1104 1312; x_wconf 79' lang='lat' dir='ltr'>suerit</span> <span class='ocrx_word' id='word_1_208' title='bbox 1144 1279 1344 1325; x_wconf 88' lang='lat' dir='ltr'>publicatum</span> <span class='ocrx_word' id='word_1_209' title='bbox 1380 1279 1633 1326; x_wconf 57' lang='lat' dir='ltr'>Archidyaconi</span> <span class='ocrx_word' id='word_1_210' title='bbox 1672 1290 1735 1315; x_wconf 77' lang='lat' dir='ltr'>vos</span> <span class='ocrx_word' id='word_1_211' title='bbox 1772 1282 1864 1327; x_wconf 87' lang='lat' dir='ltr'>ipsos</span> <span class='ocrx_word' id='word_1_212' title='bbox 1898 1279 2071 1323; x_wconf 84' lang='lat' dir='ltr'>fouentes,</span> <span class='ocrx_word' id='word_1_213' title='bbox 2106 1279 2161 1313; x_wconf 89' lang='lat' dir='ltr'>uel</span> 
     </span>
     <span class='ocr_line' id='line_1_19' title="bbox 298 1340 1593 1387; baseline 0.002 -14"><span class='ocrx_word' id='word_1_214' title='bbox 298 1352 411 1374; x_wconf 88' lang='lat' dir='ltr'>eorum</span> <span class='ocrx_word' id='word_1_215' title='bbox 441 1351 605 1374; x_wconf 83' lang='lat' dir='ltr'>excessus</span> <span class='ocrx_word' id='word_1_216' title='bbox 635 1340 878 1374; x_wconf 69' lang='lat' dir='ltr'>dissimulantes</span> <span class='ocrx_word' id='word_1_217' title='bbox 908 1343 972 1374; x_wconf 88' lang='lat' dir='ltr'>sint</span> <span class='ocrx_word' id='word_1_218' title='bbox 1000 1340 1040 1373; x_wconf 89' lang='lat' dir='ltr'>ab</span> <span class='ocrx_word' id='word_1_219' title='bbox 1070 1340 1180 1374; x_wconf 87' lang='lat' dir='ltr'>oflicio</span> <span class='ocrx_word' id='word_1_220' title='bbox 1210 1344 1281 1386; x_wconf 90' lang='lat' dir='ltr'>ipso</span> <span class='ocrx_word' id='word_1_221' title='bbox 1311 1341 1399 1375; x_wconf 84' lang='lat' dir='ltr'>l&#39;acto</span> <span class='ocrx_word' id='word_1_222' title='bbox 1428 1343 1593 1387; x_wconf 80' lang='lat' dir='ltr'>suspensi.</span> 
     </span>
    </p>

    <p class='ocr_par' dir='ltr' id='par_1_3' title="bbox 297 1401 2162 2670">
     <span class='ocr_line' id='line_1_20' title="bbox 480 1401 2160 1448; baseline 0.001 -14"><span class='ocrx_word' id='word_1_223' title='bbox 480 1401 560 1435; x_wconf 83' lang='lat' dir='ltr'>Cmn</span> <span class='ocrx_word' id='word_1_224' title='bbox 594 1401 768 1436; x_wconf 87' lang='lat' dir='ltr'>Dominica</span> <span class='ocrx_word' id='word_1_225' title='bbox 802 1413 889 1435; x_wconf 84' lang='lat' dir='ltr'>voce</span> <span class='ocrx_word' id='word_1_226' title='bbox 923 1406 1038 1435; x_wconf 87' lang='lat' dir='ltr'>saneto</span> <span class='ocrx_word' id='word_1_227' title='bbox 1068 1401 1164 1435; x_wconf 87' lang='lat' dir='ltr'>Petro</span> <span class='ocrx_word' id='word_1_228' title='bbox 1193 1401 1313 1436; x_wconf 88' lang='lat' dir='ltr'>dictum</span> <span class='ocrx_word' id='word_1_229' title='bbox 1343 1401 1466 1436; x_wconf 80' lang='lat' dir='ltr'>fuerit.</span> <span class='ocrx_word' id='word_1_230' title='bbox 1498 1402 1533 1436; x_wconf 89' lang='lat' dir='ltr'>Si</span> <span class='ocrx_word' id='word_1_231' title='bbox 1563 1402 1671 1447; x_wconf 82' lang='lat' dir='ltr'>diligis</span> <span class='ocrx_word' id='word_1_232' title='bbox 1700 1413 1765 1446; x_wconf 78' lang='lat' dir='ltr'>me,</span> <span class='ocrx_word' id='word_1_233' title='bbox 1806 1413 1909 1448; x_wconf 86' lang='lat' dir='ltr'>pasce</span> <span class='ocrx_word' id='word_1_234' title='bbox 1943 1413 2025 1436; x_wconf 85' lang='lat' dir='ltr'>oues</span> <span class='ocrx_word' id='word_1_235' title='bbox 2055 1412 2160 1445; x_wconf 86' lang='lat' dir='ltr'>meas,</span> 
     </span>
     <span class='ocr_line' id='line_1_21' title="bbox 298 1462 2161 1510; baseline -0.001 -13"><span class='ocrx_word' id='word_1_236' title='bbox 298 1474 340 1497; x_wconf 81' lang='lat' dir='ltr'>ex</span> <span class='ocrx_word' id='word_1_237' title='bbox 370 1474 434 1507; x_wconf 91' lang='grc'>([00</span> <span class='ocrx_word' id='word_1_238' title='bbox 464 1462 650 1507; x_wconf 77' lang='lat' dir='ltr'>colligitur.</span> <span class='ocrx_word' id='word_1_239' title='bbox 689 1463 723 1496; x_wconf 81' lang='lat' dir='ltr'>Si</span> <span class='ocrx_word' id='word_1_240' title='bbox 755 1462 979 1508; x_wconf 70' lang='grc'>111]5(510)([01</span> <span class='ocrx_word' id='word_1_241' title='bbox 1010 1463 1097 1497; x_wconf 85' lang='lat' dir='ltr'>ualet</span> <span class='ocrx_word' id='word_1_242' title='bbox 1125 1466 1358 1509; x_wconf 86' lang='lat' dir='ltr'>omnipotentis</span> <span class='ocrx_word' id='word_1_243' title='bbox 1388 1463 1439 1497; x_wconf 89' lang='lat' dir='ltr'>dei</span> <span class='ocrx_word' id='word_1_244' title='bbox 1459 1466 1590 1497; x_wconf 84' lang='lat' dir='ltr'>rennuit</span> <span class='ocrx_word' id='word_1_245' title='bbox 1615 1474 1696 1498; x_wconf 89' lang='lat' dir='ltr'>oues</span> <span class='ocrx_word' id='word_1_246' title='bbox 1711 1474 1864 1510; x_wconf 89' lang='lat' dir='ltr'>pascere,</span> <span class='ocrx_word' id='word_1_247' title='bbox 1882 1467 2049 1510; x_wconf 82' lang='lat' dir='ltr'>pastorem</span> <span class='ocrx_word' id='word_1_248' title='bbox 2066 1473 2161 1498; x_wconf 89' lang='lat' dir='ltr'>suum</span> 
     </span>
     <span class='ocr_line' id='line_1_22' title="bbox 297 1524 2162 1570; baseline 0 -12"><span class='ocrx_word' id='word_1_249' title='bbox 297 1536 333 1558; x_wconf 84' lang='lat' dir='ltr'>se</span> <span class='ocrx_word' id='word_1_250' title='bbox 364 1526 497 1557; x_wconf 86' lang='lat' dir='ltr'>minime</span> <span class='ocrx_word' id='word_1_251' title='bbox 527 1524 670 1558; x_wconf 83' lang='lat' dir='ltr'>ostendit</span> <span class='ocrx_word' id='word_1_252' title='bbox 699 1535 824 1568; x_wconf 88' lang='lat' dir='ltr'>amare,</span> <span class='ocrx_word' id='word_1_253' title='bbox 855 1529 886 1558; x_wconf 90' lang='lat' dir='ltr'>et</span> <span class='ocrx_word' id='word_1_254' title='bbox 915 1536 957 1558; x_wconf 90' lang='lat' dir='ltr'>ne</span> <span class='ocrx_word' id='word_1_255' title='bbox 987 1524 1027 1558; x_wconf 89' lang='lat' dir='ltr'>de</span> <span class='ocrx_word' id='word_1_256' title='bbox 1056 1536 1163 1569; x_wconf 75' lang='lat' dir='ltr'>grege</span> <span class='ocrx_word' id='word_1_257' title='bbox 1192 1524 1288 1559; x_wconf 90' lang='lat' dir='ltr'>nobis</span> <span class='ocrx_word' id='word_1_258' title='bbox 1317 1528 1509 1567; x_wconf 68' lang='lat' dir='ltr'>commisso,</span> <span class='ocrx_word' id='word_1_259' title='bbox 1539 1536 1678 1570; x_wconf 90' lang='lat' dir='ltr'>quorum</span> <span class='ocrx_word' id='word_1_260' title='bbox 1713 1527 1853 1570; x_wconf 83' lang='lat' dir='ltr'>sanguis</span> <span class='ocrx_word' id='word_1_261' title='bbox 1882 1524 1923 1558; x_wconf 91' lang='lat' dir='ltr'>de</span> <span class='ocrx_word' id='word_1_262' title='bbox 1950 1527 2072 1559; x_wconf 89' lang='lat' dir='ltr'>nostris</span> <span class='ocrx_word' id='word_1_263' title='bbox 2099 1535 2162 1558; x_wconf 89' lang='lat' dir='ltr'>re-</span> 
     </span>
     <span class='ocr_line' id='line_1_23' title="bbox 297 1585 2160 1632; baseline 0.001 -14"><span class='ocrx_word' id='word_1_264' title='bbox 297 1587 435 1630; x_wconf 80' lang='lat' dir='ltr'>quiritur</span> <span class='ocrx_word' id='word_1_265' title='bbox 463 1585 625 1627; x_wconf 80' lang='lat' dir='ltr'>manilnis,</span> <span class='ocrx_word' id='word_1_266' title='bbox 657 1585 815 1631; x_wconf 81' lang='lat' dir='ltr'>depereat</span> <span class='ocrx_word' id='word_1_267' title='bbox 843 1585 987 1630; x_wconf 88' lang='lat' dir='ltr'>aliquid.</span> <span class='ocrx_word' id='word_1_268' title='bbox 1019 1585 1076 1620; x_wconf 90' lang='lat' dir='ltr'>sed</span> <span class='ocrx_word' id='word_1_269' title='bbox 1106 1597 1150 1619; x_wconf 87' lang='lat' dir='ltr'>ex</span> <span class='ocrx_word' id='word_1_270' title='bbox 1178 1590 1347 1631; x_wconf 84' lang='lat' dir='ltr'>pastorum</span> <span class='ocrx_word' id='word_1_271' title='bbox 1377 1597 1511 1621; x_wconf 87' lang='lat' dir='ltr'>suorum</span> <span class='ocrx_word' id='word_1_272' title='bbox 1541 1586 1683 1620; x_wconf 82' lang='lat' dir='ltr'>solercia</span> <span class='ocrx_word' id='word_1_273' title='bbox 1713 1590 1745 1620; x_wconf 87' lang='lat' dir='ltr'>et</span> <span class='ocrx_word' id='word_1_274' title='bbox 1765 1585 1949 1632; x_wconf 88' lang='lat' dir='ltr'>corporalis</span> <span class='ocrx_word' id='word_1_275' title='bbox 1978 1585 2160 1632; x_wconf 86' lang='lat' dir='ltr'>prudencia</span> 
     </span>
     <span class='ocr_line' id='line_1_24' title="bbox 298 1646 2161 1693; baseline 0 -13"><span class='ocrx_word' id='word_1_276' title='bbox 298 1651 517 1692; x_wconf 48' lang='grc' dir='ltr'>[0050001101-ηῚ</span> <span class='ocrx_word' id='word_1_277' title='bbox 550 1647 735 1681; x_wconf 73' lang='lat' dir='ltr'>[nivei-sos</span> <span class='ocrx_word' id='word_1_278' title='bbox 778 1646 937 1692; x_wconf 80' lang='lat' dir='ltr'>plebanos</span> <span class='ocrx_word' id='word_1_279' title='bbox 966 1651 998 1680; x_wconf 92' lang='lat' dir='ltr'>et</span> <span class='ocrx_word' id='word_1_280' title='bbox 1026 1651 1159 1681; x_wconf 86' lang='lat' dir='ltr'>curatos</span> <span class='ocrx_word' id='word_1_281' title='bbox 1202 1651 1316 1681; x_wconf 89' lang='lat' dir='ltr'>nostre</span> <span class='ocrx_word' id='word_1_282' title='bbox 1345 1647 1502 1693; x_wconf 68' lang='lat' dir='ltr'>dyocesis</span> <span class='ocrx_word' id='word_1_283' title='bbox 1531 1657 1738 1690; x_wconf 88' lang='lat' dir='ltr'>amonemus,</span> <span class='ocrx_word' id='word_1_284' title='bbox 1774 1646 1860 1681; x_wconf 88' lang='lat' dir='ltr'>infra</span> <span class='ocrx_word' id='word_1_285' title='bbox 1894 1646 2032 1681; x_wconf 89' lang='lat' dir='ltr'>duorum</span> <span class='ocrx_word' id='word_1_286' title='bbox 2060 1657 2161 1680; x_wconf 90' lang='lat' dir='ltr'>men-</span> 
     </span>
     <span class='ocr_line' id='line_1_25' title="bbox 298 1707 2160 1754; baseline 0 -13"><span class='ocrx_word' id='word_1_287' title='bbox 298 1711 380 1741; x_wconf 81' lang='lat' dir='ltr'>sium</span> <span class='ocrx_word' id='word_1_288' title='bbox 411 1711 559 1754; x_wconf 75' lang='lat' dir='ltr'>spacium</span> <span class='ocrx_word' id='word_1_289' title='bbox 589 1720 606 1741; x_wconf 92' lang='lat' dir='ltr'>a</span> <span class='ocrx_word' id='word_1_290' title='bbox 636 1708 867 1754; x_wconf 84' lang='lat' dir='ltr'>publieacione</span> <span class='ocrx_word' id='word_1_291' title='bbox 896 1711 1108 1754; x_wconf 89' lang='lat' dir='ltr'>presencium</span> <span class='ocrx_word' id='word_1_292' title='bbox 1138 1711 1295 1754; x_wconf 78' lang='lat' dir='ltr'>proterite</span> <span class='ocrx_word' id='word_1_293' title='bbox 1326 1712 1434 1742; x_wconf 89' lang='lat' dir='ltr'>tamen</span> <span class='ocrx_word' id='word_1_294' title='bbox 1464 1719 1531 1742; x_wconf 90' lang='lat' dir='ltr'>non</span> <span class='ocrx_word' id='word_1_295' title='bbox 1559 1712 1736 1754; x_wconf 88' lang='lat' dir='ltr'>parcentes</span> <span class='ocrx_word' id='word_1_296' title='bbox 1772 1708 1986 1753; x_wconf 77' lang='lat' dir='ltr'>negligencie</span> <span class='ocrx_word' id='word_1_297' title='bbox 2013 1707 2055 1742; x_wconf 85' lang='lat' dir='ltr'>ad</span> <span class='ocrx_word' id='word_1_298' title='bbox 2083 1717 2160 1742; x_wconf 83' lang='lat' dir='ltr'>suas</span> 
     </span>
     <span class='ocr_line' id='line_1_26' title="bbox 298 1769 2160 1816; baseline -0.001 -13"><span class='ocrx_word' id='word_1_299' title='bbox 298 1774 509 1803; x_wconf 75' lang='lat' dir='ltr'>reuertuntur</span> <span class='ocrx_word' id='word_1_300' title='bbox 538 1770 701 1803; x_wconf 77' lang='lat' dir='ltr'>ecclesias</span> <span class='ocrx_word' id='word_1_301' title='bbox 730 1773 762 1803; x_wconf 90' lang='lat' dir='ltr'>et</span> <span class='ocrx_word' id='word_1_302' title='bbox 791 1772 822 1803; x_wconf 91' lang='lat' dir='ltr'>in</span> <span class='ocrx_word' id='word_1_303' title='bbox 852 1769 977 1803; x_wconf 79' lang='lat' dir='ltr'>eisdem</span> <span class='ocrx_word' id='word_1_304' title='bbox 1007 1769 1130 1811; x_wconf 85' lang='lat' dir='ltr'>saciant</span> <span class='ocrx_word' id='word_1_305' title='bbox 1157 1769 1380 1804; x_wconf 82' lang='lat' dir='ltr'>residenciam</span> <span class='ocrx_word' id='word_1_306' title='bbox 1409 1769 1631 1816; x_wconf 86' lang='lat' dir='ltr'>personalem.</span> <span class='ocrx_word' id='word_1_307' title='bbox 1669 1769 1735 1804; x_wconf 91' lang='lat' dir='ltr'>Illis</span> <span class='ocrx_word' id='word_1_308' title='bbox 1771 1769 1965 1816; x_wconf 86' lang='lat' dir='ltr'>dumptaxat</span> <span class='ocrx_word' id='word_1_309' title='bbox 1997 1770 2160 1814; x_wconf 65' lang='lat' dir='ltr'>exceptis.</span> 
     </span>
     <span class='ocr_line' id='line_1_27' title="bbox 298 1830 2160 1877; baseline 0 -14"><span class='ocrx_word' id='word_1_310' title='bbox 298 1833 350 1875; x_wconf 90' lang='lat' dir='ltr'>qui</span> <span class='ocrx_word' id='word_1_311' title='bbox 393 1842 493 1864; x_wconf 83' lang='lat' dir='ltr'>eausa</span> <span class='ocrx_word' id='word_1_312' title='bbox 537 1830 731 1873; x_wconf 83' lang='lat' dir='ltr'>studiorum,</span> <span class='ocrx_word' id='word_1_313' title='bbox 775 1830 828 1865; x_wconf 86' lang='lat' dir='ltr'>vel</span> <span class='ocrx_word' id='word_1_314' title='bbox 871 1830 952 1865; x_wconf 89' lang='lat' dir='ltr'>alias</span> <span class='ocrx_word' id='word_1_315' title='bbox 988 1842 1032 1865; x_wconf 87' lang='lat' dir='ltr'>ex</span> <span class='ocrx_word' id='word_1_316' title='bbox 1067 1842 1169 1864; x_wconf 83' lang='lat' dir='ltr'>causa</span> <span class='ocrx_word' id='word_1_317' title='bbox 1204 1831 1362 1875; x_wconf 69' lang='lat' dir='ltr'>legittima</span> <span class='ocrx_word' id='word_1_318' title='bbox 1400 1830 1440 1865; x_wconf 90' lang='lat' dir='ltr'>de</span> <span class='ocrx_word' id='word_1_319' title='bbox 1476 1835 1589 1865; x_wconf 89' lang='lat' dir='ltr'>nostra</span> <span class='ocrx_word' id='word_1_320' title='bbox 1626 1831 1765 1865; x_wconf 88' lang='lat' dir='ltr'>licencia</span> <span class='ocrx_word' id='word_1_321' title='bbox 1804 1842 1841 1865; x_wconf 88' lang='lat' dir='ltr'>se</span> <span class='ocrx_word' id='word_1_322' title='bbox 1874 1834 2012 1877; x_wconf 86' lang='lat' dir='ltr'>possent</span> <span class='ocrx_word' id='word_1_323' title='bbox 2044 1840 2062 1863; x_wconf 88' lang='lat' dir='ltr'>a</span> <span class='ocrx_word' id='word_1_324' title='bbox 2091 1830 2160 1864; x_wconf 84' lang='lat' dir='ltr'>suis</span> 
     </span>
     <span class='ocr_line' id='line_1_28' title="bbox 298 1891 2159 1938; baseline -0.001 -14"><span class='ocrx_word' id='word_1_325' title='bbox 298 1891 450 1935; x_wconf 79' lang='lat' dir='ltr'>eecl‹=sijs</span> <span class='ocrx_word' id='word_1_326' title='bbox 480 1891 668 1934; x_wconf 66' lang='lat' dir='ltr'>absentare,</span> <span class='ocrx_word' id='word_1_327' title='bbox 701 1892 795 1933; x_wconf 82' lang='lat' dir='ltr'>Quod</span> <span class='ocrx_word' id='word_1_328' title='bbox 827 1895 853 1926; x_wconf 84' lang='lat' dir='ltr'>si</span> <span class='ocrx_word' id='word_1_329' title='bbox 884 1892 967 1926; x_wconf 80' lang='lat' dir='ltr'>infra</span> <span class='ocrx_word' id='word_1_330' title='bbox 1002 1903 1150 1926; x_wconf 88' lang='lat' dir='ltr'>mensem</span> <span class='ocrx_word' id='word_1_331' title='bbox 1193 1892 1233 1925; x_wconf 91' lang='lat' dir='ltr'>ad</span> <span class='ocrx_word' id='word_1_332' title='bbox 1270 1892 1432 1926; x_wconf 79' lang='lat' dir='ltr'>eeclesias</span> <span class='ocrx_word' id='word_1_333' title='bbox 1466 1904 1543 1927; x_wconf 80' lang='lat' dir='ltr'>suas</span> <span class='ocrx_word' id='word_1_334' title='bbox 1585 1903 1644 1938; x_wconf 91' lang='lat' dir='ltr'>per</span> <span class='ocrx_word' id='word_1_335' title='bbox 1685 1896 1860 1938; x_wconf 86' lang='lat' dir='ltr'>presentes</span> <span class='ocrx_word' id='word_1_336' title='bbox 1896 1891 2051 1925; x_wconf 82' lang='lat' dir='ltr'>admoniti</span> <span class='ocrx_word' id='word_1_337' title='bbox 2093 1900 2159 1924; x_wconf 90' lang='lat' dir='ltr'>non</span> 
     </span>
     <span class='ocr_line' id='line_1_29' title="bbox 299 1951 2159 1999; baseline -0.001 -13"><span class='ocrx_word' id='word_1_338' title='bbox 299 1952 466 1991; x_wconf 68' lang='lat' dir='ltr'>redierint,</span> <span class='ocrx_word' id='word_1_339' title='bbox 512 1952 580 1987; x_wconf 70' lang='lat' dir='ltr'>Nos</span> <span class='ocrx_word' id='word_1_340' title='bbox 610 1953 648 1986; x_wconf 90' lang='lat' dir='ltr'>ad</span> <span class='ocrx_word' id='word_1_341' title='bbox 680 1956 970 1999; x_wconf 75' lang='lat' dir='ltr'>presentaci‹›n‹·1n</span> <span class='ocrx_word' id='word_1_342' title='bbox 1001 1953 1141 1997; x_wconf 87' lang='lat' dir='ltr'>illorum,</span> <span class='ocrx_word' id='word_1_343' title='bbox 1185 1956 1238 1998; x_wconf 92' lang='lat' dir='ltr'>qui</span> <span class='ocrx_word' id='word_1_344' title='bbox 1267 1956 1317 1987; x_wconf 81' lang='lat' dir='ltr'>ius</span> <span class='ocrx_word' id='word_1_345' title='bbox 1347 1958 1539 1999; x_wconf 82' lang='lat' dir='ltr'>patronatus</span> <span class='ocrx_word' id='word_1_346' title='bbox 1577 1956 1607 1987; x_wconf 91' lang='lat' dir='ltr'>in</span> <span class='ocrx_word' id='word_1_347' title='bbox 1636 1953 1762 1987; x_wconf 73' lang='lat' dir='ltr'>eisdem</span> <span class='ocrx_word' id='word_1_348' title='bbox 1793 1952 1950 1995; x_wconf 80' lang='lat' dir='ltr'>obtinent,</span> <span class='ocrx_word' id='word_1_349' title='bbox 1994 1951 2076 1985; x_wconf 90' lang='lat' dir='ltr'>alios</span> <span class='ocrx_word' id='word_1_350' title='bbox 2105 1953 2159 1996; x_wconf 89' lang='lat' dir='ltr'>qui</span> 
     </span>
     <span class='ocr_line' id='line_1_30' title="bbox 299 2011 2161 2060; baseline -0.001 -13"><span class='ocrx_word' id='word_1_351' title='bbox 299 2013 393 2047; x_wconf 78' lang='lat' dir='ltr'>nobis</span> <span class='ocrx_word' id='word_1_352' title='bbox 429 2024 488 2059; x_wconf 88' lang='lat' dir='ltr'>per</span> <span class='ocrx_word' id='word_1_353' title='bbox 524 2016 613 2059; x_wconf 83' lang='lat' dir='ltr'>ipsos</span> <span class='ocrx_word' id='word_1_354' title='bbox 651 2019 809 2060; x_wconf 87' lang='lat' dir='ltr'>patronos</span> <span class='ocrx_word' id='word_1_355' title='bbox 851 2017 1032 2060; x_wconf 85' lang='lat' dir='ltr'>presentati</span> <span class='ocrx_word' id='word_1_356' title='bbox 1061 2014 1193 2058; x_wconf 85' lang='lat' dir='ltr'>fuerint,</span> <span class='ocrx_word' id='word_1_357' title='bbox 1239 2014 1277 2048; x_wconf 92' lang='lat' dir='ltr'>ad</span> <span class='ocrx_word' id='word_1_358' title='bbox 1308 2017 1397 2060; x_wconf 81' lang='lat' dir='ltr'>ipsas</span> <span class='ocrx_word' id='word_1_359' title='bbox 1427 2014 1590 2048; x_wconf 81' lang='lat' dir='ltr'>ecclesias</span> <span class='ocrx_word' id='word_1_360' title='bbox 1619 2014 1819 2048; x_wconf 86' lang='lat' dir='ltr'>conlirmare</span> <span class='ocrx_word' id='word_1_361' title='bbox 1848 2012 2032 2047; x_wconf 86' lang='lat' dir='ltr'>nullatenus</span> <span class='ocrx_word' id='word_1_362' title='bbox 2061 2011 2161 2046; x_wconf 82' lang='lat' dir='ltr'>dill&#39;e—</span> 
     </span>
     <span class='ocr_line' id='line_1_31' title="bbox 298 2073 2160 2122; baseline 0.001 -15"><span class='ocrx_word' id='word_1_363' title='bbox 298 2086 434 2108; x_wconf 77' lang='lat' dir='ltr'>remus.</span> <span class='ocrx_word' id='word_1_364' title='bbox 465 2073 506 2107; x_wconf 89' lang='lat' dir='ltr'>Et</span> <span class='ocrx_word' id='word_1_365' title='bbox 535 2085 595 2107; x_wconf 78' lang='lat' dir='ltr'>nos</span> <span class='ocrx_word' id='word_1_366' title='bbox 625 2078 654 2108; x_wconf 89' lang='grc'>111</span> <span class='ocrx_word' id='word_1_367' title='bbox 685 2078 815 2121; x_wconf 75' lang='lat' dir='ltr'>seriptis</span> <span class='ocrx_word' id='word_1_368' title='bbox 844 2075 1055 2122; x_wconf 82' lang='lat' dir='ltr'>presentibus</span> <span class='ocrx_word' id='word_1_369' title='bbox 1084 2075 1306 2121; x_wconf 86' lang='lat' dir='ltr'>predictarum</span> <span class='ocrx_word' id='word_1_370' title='bbox 1336 2075 1554 2109; x_wconf 87' lang='lat' dir='ltr'>ecclesiarum</span> <span class='ocrx_word' id='word_1_371' title='bbox 1584 2075 1771 2111; x_wconf 68' lang='grc'>(1051110105.</span> <span class='ocrx_word' id='word_1_372' title='bbox 1802 2084 1883 2119; x_wconf 84' lang='lat' dir='ltr'>quos</span> <span class='ocrx_word' id='word_1_373' title='bbox 1914 2084 1978 2107; x_wconf 90' lang='grc'>11011</span> <span class='ocrx_word' id='word_1_374' title='bbox 2008 2077 2160 2119; x_wconf 81' lang='lat' dir='ltr'>pastores</span> 
     </span>
     <span class='ocr_line' id='line_1_32' title="bbox 298 2135 2159 2183; baseline -0.001 -14"><span class='ocrx_word' id='word_1_375' title='bbox 298 2135 355 2169; x_wconf 75' lang='lat' dir='ltr'>sed</span> <span class='ocrx_word' id='word_1_376' title='bbox 385 2135 523 2181; x_wconf 87' lang='lat' dir='ltr'>pauidos</span> <span class='ocrx_word' id='word_1_377' title='bbox 554 2139 780 2171; x_wconf 85' lang='lat' dir='ltr'>mercenarios</span> <span class='ocrx_word' id='word_1_378' title='bbox 810 2141 1012 2182; x_wconf 70' lang='lat' dir='ltr'>reputamus,</span> <span class='ocrx_word' id='word_1_379' title='bbox 1043 2141 1116 2183; x_wconf 84' lang='lat' dir='ltr'>post</span> <span class='ocrx_word' id='word_1_380' title='bbox 1145 2137 1271 2183; x_wconf 80' lang='lat' dir='ltr'>lapsum</span> <span class='ocrx_word' id='word_1_381' title='bbox 1301 2137 1438 2170; x_wconf 87' lang='lat' dir='ltr'>duorum</span> <span class='ocrx_word' id='word_1_382' title='bbox 1468 2139 1630 2171; x_wconf 85' lang='lat' dir='ltr'>mensium</span> <span class='ocrx_word' id='word_1_383' title='bbox 1655 2148 1671 2170; x_wconf 91' lang='lat' dir='ltr'>a</span> <span class='ocrx_word' id='word_1_384' title='bbox 1697 2135 1926 2182; x_wconf 83' lang='lat' dir='ltr'>publieacione</span> <span class='ocrx_word' id='word_1_385' title='bbox 1948 2137 2159 2180; x_wconf 86' lang='lat' dir='ltr'>presencium</span> 
     </span>
     <span class='ocr_line' id='line_1_33' title="bbox 299 2195 2160 2244; baseline -0.001 -14"><span class='ocrx_word' id='word_1_386' title='bbox 299 2200 377 2242; x_wconf 81' lang='lat' dir='ltr'>ipsis</span> <span class='ocrx_word' id='word_1_387' title='bbox 408 2199 579 2242; x_wconf 82' lang='lat' dir='ltr'>priuanms</span> <span class='ocrx_word' id='word_1_388' title='bbox 608 2196 780 2241; x_wconf 79' lang='lat' dir='ltr'>benelieijs</span> <span class='ocrx_word' id='word_1_389' title='bbox 810 2203 842 2232; x_wconf 85' lang='lat' dir='ltr'>et</span> <span class='ocrx_word' id='word_1_390' title='bbox 871 2197 1111 2232; x_wconf 88' lang='lat' dir='ltr'>denunciamus</span> <span class='ocrx_word' id='word_1_391' title='bbox 1140 2210 1216 2233; x_wconf 86' lang='lat' dir='ltr'>esse</span> <span class='ocrx_word' id='word_1_392' title='bbox 1245 2201 1404 2244; x_wconf 88' lang='lat' dir='ltr'>priuatos,</span> <span class='ocrx_word' id='word_1_393' title='bbox 1435 2198 1557 2231; x_wconf 92' lang='lat' dir='ltr'>nullum</span> <span class='ocrx_word' id='word_1_394' title='bbox 1587 2209 1646 2244; x_wconf 90' lang='lat' dir='ltr'>per</span> <span class='ocrx_word' id='word_1_395' title='bbox 1674 2198 1737 2231; x_wconf 91' lang='lat' dir='ltr'>hoc</span> <span class='ocrx_word' id='word_1_396' title='bbox 1766 2198 1912 2241; x_wconf 88' lang='lat' dir='ltr'>patronis</span> <span class='ocrx_word' id='word_1_397' title='bbox 1942 2195 2160 2242; x_wconf 87' lang='lat' dir='ltr'>preiudicium</span> 
     </span>
     <span class='ocr_line' id='line_1_34' title="bbox 297 2256 2159 2305; baseline -0.001 -13"><span class='ocrx_word' id='word_1_398' title='bbox 297 2261 322 2292; x_wconf 80' lang='lat' dir='ltr'>si</span> <span class='ocrx_word' id='word_1_399' title='bbox 360 2262 435 2304; x_wconf 79' lang='lat' dir='ltr'>post</span> <span class='ocrx_word' id='word_1_400' title='bbox 470 2258 596 2304; x_wconf 88' lang='lat' dir='ltr'>lapsum</span> <span class='ocrx_word' id='word_1_401' title='bbox 634 2258 771 2291; x_wconf 90' lang='lat' dir='ltr'>duorum</span> <span class='ocrx_word' id='word_1_402' title='bbox 808 2262 970 2293; x_wconf 79' lang='lat' dir='ltr'>mensium</span> <span class='ocrx_word' id='word_1_403' title='bbox 1010 2270 1173 2305; x_wconf 85' lang='lat' dir='ltr'>personas</span> <span class='ocrx_word' id='word_1_404' title='bbox 1210 2259 1362 2305; x_wconf 57' lang='lat' dir='ltr'>ydoneas</span> <span class='ocrx_word' id='word_1_405' title='bbox 1392 2259 1432 2293; x_wconf 89' lang='lat' dir='ltr'>ad</span> <span class='ocrx_word' id='word_1_406' title='bbox 1462 2261 1623 2293; x_wconf 88' lang='lat' dir='ltr'>uacancia</span> <span class='ocrx_word' id='word_1_407' title='bbox 1653 2256 1815 2291; x_wconf 83' lang='lat' dir='ltr'>beneficia</span> <span class='ocrx_word' id='word_1_408' title='bbox 1844 2268 1887 2290; x_wconf 83' lang='lat' dir='ltr'>ex</span> <span class='ocrx_word' id='word_1_409' title='bbox 1917 2259 2159 2291; x_wconf 86' lang='lat' dir='ltr'>constitucione</span> 
     </span>
     <span class='ocr_line' id='line_1_35' title="bbox 298 2317 2160 2366; baseline -0.001 -14"><span class='ocrx_word' id='word_1_410' title='bbox 298 2321 442 2365; x_wconf 80' lang='lat' dir='ltr'>presenti</span> <span class='ocrx_word' id='word_1_411' title='bbox 487 2321 683 2353; x_wconf 73' lang='lat' dir='ltr'>vaeauerint</span> <span class='ocrx_word' id='word_1_412' title='bbox 711 2323 743 2353; x_wconf 91' lang='lat' dir='ltr'>et</span> <span class='ocrx_word' id='word_1_413' title='bbox 772 2319 866 2354; x_wconf 86' lang='lat' dir='ltr'>nohis</span> <span class='ocrx_word' id='word_1_414' title='bbox 908 2323 1175 2366; x_wconf 81' lang='lat' dir='ltr'>presentauerint</span> <span class='ocrx_word' id='word_1_415' title='bbox 1216 2320 1402 2355; x_wconf 78' lang='lat' dir='ltr'>inserendo.</span> <span class='ocrx_word' id='word_1_416' title='bbox 1445 2320 1559 2354; x_wconf 82' lang='lat' dir='ltr'>Nullus</span> <span class='ocrx_word' id='word_1_417' title='bbox 1601 2321 1706 2352; x_wconf 87' lang='lat' dir='ltr'>eciam</span> <span class='ocrx_word' id='word_1_418' title='bbox 1742 2317 1951 2364; x_wconf 87' lang='lat' dir='ltr'>parrochiam</span> <span class='ocrx_word' id='word_1_419' title='bbox 1992 2320 2160 2364; x_wconf 86' lang='lat' dir='ltr'>propriam</span> 
     </span>
     <span class='ocr_line' id='line_1_36' title="bbox 298 2378 2161 2427; baseline 0.001 -15"><span class='ocrx_word' id='word_1_420' title='bbox 298 2380 453 2414; x_wconf 85' lang='lat' dir='ltr'>obtinens</span> <span class='ocrx_word' id='word_1_421' title='bbox 496 2380 620 2414; x_wconf 87' lang='lat' dir='ltr'>l&#39;ructus</span> <span class='ocrx_word' id='word_1_422' title='bbox 668 2391 727 2414; x_wconf 85' lang='lat' dir='ltr'>seu</span> <span class='ocrx_word' id='word_1_423' title='bbox 761 2385 942 2426; x_wconf 83' lang='lat' dir='ltr'>prouentus</span> <span class='ocrx_word' id='word_1_424' title='bbox 984 2382 1119 2416; x_wconf 89' lang='lat' dir='ltr'>alterius</span> <span class='ocrx_word' id='word_1_425' title='bbox 1156 2381 1331 2427; x_wconf 83' lang='lat' dir='ltr'>parrochie</span> <span class='ocrx_word' id='word_1_426' title='bbox 1374 2383 1552 2415; x_wconf 82' lang='lat' dir='ltr'>conueniat</span> <span class='ocrx_word' id='word_1_427' title='bbox 1591 2379 1651 2413; x_wconf 76' lang='grc'>5011</span> <span class='ocrx_word' id='word_1_428' title='bbox 1685 2391 1744 2425; x_wconf 74' lang='lat' dir='ltr'>spe</span> <span class='ocrx_word' id='word_1_429' title='bbox 1779 2379 1872 2422; x_wconf 87' lang='lat' dir='ltr'>lucri,</span> <span class='ocrx_word' id='word_1_430' title='bbox 1915 2378 1974 2414; x_wconf 90' lang='lat' dir='ltr'>sed</span> <span class='ocrx_word' id='word_1_431' title='bbox 2002 2382 2030 2414; x_wconf 90' lang='lat' dir='ltr'>si</span> <span class='ocrx_word' id='word_1_432' title='bbox 2059 2389 2161 2413; x_wconf 84' lang='lat' dir='ltr'>causa</span> 
     </span>
     <span class='ocr_line' id='line_1_37' title="bbox 299 2439 2160 2489; baseline -0.001 -15"><span class='ocrx_word' id='word_1_433' title='bbox 299 2441 456 2481; x_wconf 57' lang='lat' dir='ltr'>legittima</span> <span class='ocrx_word' id='word_1_434' title='bbox 494 2446 606 2475; x_wconf 75' lang='lat' dir='ltr'>nostra</span> <span class='ocrx_word' id='word_1_435' title='bbox 644 2453 717 2475; x_wconf 87' lang='lat' dir='ltr'>eum</span> <span class='ocrx_word' id='word_1_436' title='bbox 761 2441 894 2475; x_wconf 88' lang='lat' dir='ltr'>obtenta</span> <span class='ocrx_word' id='word_1_437' title='bbox 937 2442 1075 2476; x_wconf 83' lang='lat' dir='ltr'>licencia</span> <span class='ocrx_word' id='word_1_438' title='bbox 1112 2443 1228 2489; x_wconf 84' lang='lat' dir='ltr'>aliquis</span> <span class='ocrx_word' id='word_1_439' title='bbox 1266 2455 1323 2489; x_wconf 91' lang='lat' dir='ltr'>pro</span> <span class='ocrx_word' id='word_1_440' title='bbox 1359 2454 1469 2476; x_wconf 88' lang='lat' dir='ltr'>ammo</span> <span class='ocrx_word' id='word_1_441' title='bbox 1499 2452 1601 2474; x_wconf 75' lang='lat' dir='ltr'>censu</span> <span class='ocrx_word' id='word_1_442' title='bbox 1632 2451 1724 2474; x_wconf 83' lang='lat' dir='ltr'>suam</span> <span class='ocrx_word' id='word_1_443' title='bbox 1755 2441 1932 2474; x_wconf 76' lang='grc'>0001051001</span> <span class='ocrx_word' id='word_1_444' title='bbox 1961 2439 2021 2474; x_wconf 90' lang='lat' dir='ltr'>wlt</span> <span class='ocrx_word' id='word_1_445' title='bbox 2048 2439 2160 2474; x_wconf 88' lang='lat' dir='ltr'>locare</span> 
     </span>
     <span class='ocr_line' id='line_1_38' title="bbox 302 2501 2160 2548; baseline -0.001 -13"><span class='ocrx_word' id='word_1_446' title='bbox 302 2501 397 2545; x_wconf 69' lang='lat' dir='ltr'>hane,</span> <span class='ocrx_word' id='word_1_447' title='bbox 429 2503 521 2536; x_wconf 86' lang='lat' dir='ltr'>alteri</span> <span class='ocrx_word' id='word_1_448' title='bbox 551 2507 583 2536; x_wconf 92' lang='lat' dir='ltr'>et</span> <span class='ocrx_word' id='word_1_449' title='bbox 611 2514 676 2536; x_wconf 91' lang='lat' dir='ltr'>non</span> <span class='ocrx_word' id='word_1_450' title='bbox 706 2502 904 2536; x_wconf 89' lang='lat' dir='ltr'>beneliciato</span> <span class='ocrx_word' id='word_1_451' title='bbox 934 2508 1115 2548; x_wconf 83' lang='lat' dir='ltr'>prouentus</span> <span class='ocrx_word' id='word_1_452' title='bbox 1144 2509 1177 2538; x_wconf 86' lang='lat' dir='ltr'>et</span> <span class='ocrx_word' id='word_1_453' title='bbox 1205 2504 1331 2538; x_wconf 78' lang='lat' dir='ltr'>fruetus</span> <span class='ocrx_word' id='word_1_454' title='bbox 1360 2502 1510 2545; x_wconf 81' lang='lat' dir='ltr'>heneticij</span> <span class='ocrx_word' id='word_1_455' title='bbox 1542 2503 1591 2535; x_wconf 90' lang='lat' dir='ltr'>sui</span> <span class='ocrx_word' id='word_1_456' title='bbox 1625 2501 1734 2535; x_wconf 76' lang='lat' dir='ltr'>locet.</span> <span class='ocrx_word' id='word_1_457' title='bbox 1771 2501 1841 2536; x_wconf 78' lang='lat' dir='ltr'>Nos</span> <span class='ocrx_word' id='word_1_458' title='bbox 1871 2504 1958 2535; x_wconf 89' lang='lat' dir='ltr'>enim</span> <span class='ocrx_word' id='word_1_459' title='bbox 1994 2501 2160 2535; x_wconf 86' lang='lat' dir='ltr'>locatores</span> 
     </span>
     <span class='ocr_line' id='line_1_39' title="bbox 299 2561 2159 2609; baseline 0.001 -14"><span class='ocrx_word' id='word_1_460' title='bbox 299 2562 460 2596; x_wconf 86' lang='lat' dir='ltr'>fruetuum</span> <span class='ocrx_word' id='word_1_461' title='bbox 493 2563 727 2597; x_wconf 78' lang='lat' dir='ltr'>lwneliciorum</span> <span class='ocrx_word' id='word_1_462' title='bbox 758 2574 892 2598; x_wconf 80' lang='lat' dir='ltr'>suorum</span> <span class='ocrx_word' id='word_1_463' title='bbox 922 2562 1222 2609; x_wconf 68' lang='lat' dir='ltr'>l›‹=11‹&gt;ticiati.·÷atijs</span> <span class='ocrx_word' id='word_1_464' title='bbox 1258 2565 1587 2598; x_wconf 72' lang='grc' dir='ltr'>0Χο01110101110110105</span> <span class='ocrx_word' id='word_1_465' title='bbox 1619 2565 1648 2596; x_wconf 91' lang='grc'>111</span> <span class='ocrx_word' id='word_1_466' title='bbox 1683 2562 1745 2607; x_wconf 80' lang='lat' dir='ltr'>hijs</span> <span class='ocrx_word' id='word_1_467' title='bbox 1770 2565 1900 2608; x_wconf 83' lang='lat' dir='ltr'>scriptis</span> <span class='ocrx_word' id='word_1_468' title='bbox 1936 2561 2159 2596; x_wconf 83' lang='lat' dir='ltr'>conductores</span> 
     </span>
     <span class='ocr_line' id='line_1_40' title="bbox 300 2622 2158 2670; baseline 0 -15"><span class='ocrx_word' id='word_1_469' title='bbox 300 2635 378 2656; x_wconf 84' lang='lat' dir='ltr'>uero</span> <span class='ocrx_word' id='word_1_470' title='bbox 414 2627 443 2657; x_wconf 87' lang='lat' dir='ltr'>in</span> <span class='ocrx_word' id='word_1_471' title='bbox 485 2627 634 2670; x_wconf 84' lang='lat' dir='ltr'>quinque</span> <span class='ocrx_word' id='word_1_472' title='bbox 677 2627 797 2659; x_wconf 88' lang='lat' dir='ltr'>mareis</span> <span class='ocrx_word' id='word_1_473' title='bbox 827 2635 1022 2670; x_wconf 82' lang='lat' dir='ltr'>grossorum</span> <span class='ocrx_word' id='word_1_474' title='bbox 1060 2625 1270 2659; x_wconf 88' lang='lat' dir='ltr'>denariorum</span> <span class='ocrx_word' id='word_1_475' title='bbox 1306 2625 1588 2670; x_wconf 79' lang='lat' dir='ltr'>condenqmanms</span> <span class='ocrx_word' id='word_1_476' title='bbox 1627 2628 1740 2658; x_wconf 77' lang='lat' dir='ltr'>nostre</span> <span class='ocrx_word' id='word_1_477' title='bbox 1762 2635 1896 2657; x_wconf 84' lang='lat' dir='ltr'>camere</span> <span class='ocrx_word' id='word_1_478' title='bbox 1932 2622 2158 2669; x_wconf 85' lang='lat' dir='ltr'>applicandas.</span> 
     </span>
    </p>
   </div>
  </div>
 </body>
</html>
