<?xml version="1.0" encoding="UTF-8"?>
<!DOCTYPE html PUBLIC "-//W3C//DTD XHTML 1.0 Transitional//EN"
    "http://www.w3.org/TR/xhtml1/DTD/xhtml1-transitional.dtd">
<html xmlns="http://www.w3.org/1999/xhtml" xml:lang="en" lang="en">
 <head>
  <title>
</title>
<meta http-equiv="Content-Type" content="text/html;charset=utf-8" />
  <meta name='ocr-system' content='tesseract 3.04.00' />
  <meta name='ocr-capabilities' content='ocr_page ocr_carea ocr_par ocr_line ocrx_word'/>
</head>
<body>
  <div class='ocr_page' id='page_1' title='image "./codexdiplomaticu06morauoft_0083.png"; bbox 0 0 2357 3021; ppageno 0'>
   <div class='ocr_carea' id='block_1_1' title="bbox 119 301 1994 1639">
    <p class='ocr_par' dir='ltr' id='par_1_1' title="bbox 119 301 1994 1639">
     <span class='ocr_line' id='line_1_1' title="bbox 128 301 1992 352; baseline 0.001 -13"><span class='ocrx_word' id='word_1_1' title='bbox 128 307 218 352; x_wconf 89' lang='lat' dir='ltr'>ipsos</span> <span class='ocrx_word' id='word_1_2' title='bbox 248 303 358 347; x_wconf 74' lang='lat' dir='ltr'>Ciues.</span> <span class='ocrx_word' id='word_1_3' title='bbox 389 302 430 338; x_wconf 89' lang='lat' dir='ltr'>ab</span> <span class='ocrx_word' id='word_1_4' title='bbox 459 314 500 338; x_wconf 90' lang='lat' dir='ltr'>eo</span> <span class='ocrx_word' id='word_1_5' title='bbox 529 305 582 350; x_wconf 85' lang='lat' dir='ltr'>qui</span> <span class='ocrx_word' id='word_1_6' title='bbox 611 312 671 349; x_wconf 90' lang='lat' dir='ltr'>pro</span> <span class='ocrx_word' id='word_1_7' title='bbox 700 306 849 348; x_wconf 90' lang='lat' dir='ltr'>tempore</span> <span class='ocrx_word' id='word_1_8' title='bbox 878 301 964 336; x_wconf 89' lang='lat' dir='ltr'>idem</span> <span class='ocrx_word' id='word_1_9' title='bbox 985 302 1141 337; x_wconf 84' lang='lat' dir='ltr'>iudicium</span> <span class='ocrx_word' id='word_1_10' title='bbox 1169 306 1309 338; x_wconf 86' lang='lat' dir='ltr'>tenuerit</span> <span class='ocrx_word' id='word_1_11' title='bbox 1331 308 1363 338; x_wconf 87' lang='lat' dir='ltr'>et</span> <span class='ocrx_word' id='word_1_12' title='bbox 1385 307 1521 339; x_wconf 80' lang='lat' dir='ltr'>rexerit.</span> <span class='ocrx_word' id='word_1_13' title='bbox 1548 304 1751 352; x_wconf 86' lang='lat' dir='ltr'>percipiendi</span> <span class='ocrx_word' id='word_1_14' title='bbox 1779 308 1992 352; x_wconf 82' lang='lat' dir='ltr'>imposterum</span> 
     </span>
     <span class='ocr_line' id='line_1_2' title="bbox 127 363 1993 412; baseline 0.001 -12"><span class='ocrx_word' id='word_1_15' title='bbox 127 370 299 412; x_wconf 83' lang='lat' dir='ltr'>perpetuo.</span> <span class='ocrx_word' id='word_1_16' title='bbox 329 369 361 399; x_wconf 90' lang='lat' dir='ltr'>et</span> <span class='ocrx_word' id='word_1_17' title='bbox 389 367 421 398; x_wconf 91' lang='lat' dir='ltr'>in</span> <span class='ocrx_word' id='word_1_18' title='bbox 450 376 529 398; x_wconf 86' lang='lat' dir='ltr'>usus</span> <span class='ocrx_word' id='word_1_19' title='bbox 571 375 611 398; x_wconf 88' lang='lat' dir='ltr'>ac</span> <span class='ocrx_word' id='word_1_20' title='bbox 637 363 807 407; x_wconf 49' lang='lat' dir='ltr'>militates.</span> <span class='ocrx_word' id='word_1_21' title='bbox 849 367 881 397; x_wconf 92' lang='lat' dir='ltr'>et</span> <span class='ocrx_word' id='word_1_22' title='bbox 909 368 1117 398; x_wconf 79' lang='lat' dir='ltr'>structuram.</span> <span class='ocrx_word' id='word_1_23' title='bbox 1153 363 1437 398; x_wconf 85' lang='lat' dir='ltr'>reedificationem</span> <span class='ocrx_word' id='word_1_24' title='bbox 1473 365 1626 400; x_wconf 82' lang='lat' dir='ltr'>uidelicet</span> <span class='ocrx_word' id='word_1_25' title='bbox 1661 371 1692 400; x_wconf 91' lang='lat' dir='ltr'>et</span> <span class='ocrx_word' id='word_1_26' title='bbox 1726 367 1993 401; x_wconf 77' lang='lat' dir='ltr'>emendationem</span> 
     </span>
     <span class='ocr_line' id='line_1_3' title="bbox 127 424 1994 474; baseline 0.001 -14"><span class='ocrx_word' id='word_1_27' title='bbox 127 437 294 460; x_wconf 88' lang='lat' dir='ltr'>murorum</span> <span class='ocrx_word' id='word_1_28' title='bbox 335 425 537 460; x_wconf 78' lang='lat' dir='ltr'>fossatorum</span> <span class='ocrx_word' id='word_1_29' title='bbox 575 429 607 459; x_wconf 89' lang='lat' dir='ltr'>et</span> <span class='ocrx_word' id='word_1_30' title='bbox 642 424 780 458; x_wconf 89' lang='lat' dir='ltr'>aliarum</span> <span class='ocrx_word' id='word_1_31' title='bbox 815 427 1051 459; x_wconf 80' lang='lat' dir='ltr'>necessitatum</span> <span class='ocrx_word' id='word_1_32' title='bbox 1084 424 1233 460; x_wconf 90' lang='lat' dir='ltr'>Ciuitatis</span> <span class='ocrx_word' id='word_1_33' title='bbox 1271 428 1384 472; x_wconf 59' lang='lat' dir='ltr'>ipsius.</span> <span class='ocrx_word' id='word_1_34' title='bbox 1420 426 1594 472; x_wconf 84' lang='lat' dir='ltr'>redigendi</span> <span class='ocrx_word' id='word_1_35' title='bbox 1634 432 1665 461; x_wconf 90' lang='lat' dir='ltr'>et</span> <span class='ocrx_word' id='word_1_36' title='bbox 1704 428 1913 474; x_wconf 87' lang='lat' dir='ltr'>impendendi</span> <span class='ocrx_word' id='word_1_37' title='bbox 1953 428 1994 462; x_wconf 90' lang='lat' dir='ltr'>de</span> 
     </span>
     <span class='ocr_line' id='line_1_4' title="bbox 125 485 1992 534; baseline 0.001 -13"><span class='ocrx_word' id='word_1_38' title='bbox 125 487 264 522; x_wconf 84' lang='lat' dir='ltr'>consilio</span> <span class='ocrx_word' id='word_1_39' title='bbox 293 491 325 521; x_wconf 87' lang='lat' dir='ltr'>et</span> <span class='ocrx_word' id='word_1_40' title='bbox 351 486 559 534; x_wconf 85' lang='lat' dir='ltr'>beneplacito</span> <span class='ocrx_word' id='word_1_41' title='bbox 596 488 743 532; x_wconf 89' lang='lat' dir='ltr'>ipsorum</span> <span class='ocrx_word' id='word_1_42' title='bbox 780 486 919 529; x_wconf 72' lang='lat' dir='ltr'>Cinium7</span> <span class='ocrx_word' id='word_1_43' title='bbox 953 490 1049 532; x_wconf 90' lang='lat' dir='ltr'>prout</span> <span class='ocrx_word' id='word_1_44' title='bbox 1083 485 1158 520; x_wconf 84' lang='lat' dir='ltr'>fidei</span> <span class='ocrx_word' id='word_1_45' title='bbox 1192 490 1224 520; x_wconf 88' lang='lat' dir='ltr'>et</span> <span class='ocrx_word' id='word_1_46' title='bbox 1259 486 1450 521; x_wconf 85' lang='lat' dir='ltr'>discretioni</span> <span class='ocrx_word' id='word_1_47' title='bbox 1486 490 1633 534; x_wconf 87' lang='lat' dir='ltr'>ipsorum</span> <span class='ocrx_word' id='word_1_48' title='bbox 1668 488 1841 533; x_wconf 72' lang='lat' dir='ltr'>uidebitur.</span> <span class='ocrx_word' id='word_1_49' title='bbox 1877 489 1992 523; x_wconf 86' lang='lat' dir='ltr'>damus</span> 
     </span>
     <span class='ocr_line' id='line_1_5' title="bbox 125 546 1991 596; baseline 0 -12"><span class='ocrx_word' id='word_1_50' title='bbox 125 559 259 584; x_wconf 81' lang='lat' dir='ltr'>exnunc</span> <span class='ocrx_word' id='word_1_51' title='bbox 287 548 472 594; x_wconf 82' lang='lat' dir='ltr'>plenariam</span> <span class='ocrx_word' id='word_1_52' title='bbox 511 551 544 581; x_wconf 89' lang='lat' dir='ltr'>et</span> <span class='ocrx_word' id='word_1_53' title='bbox 571 546 708 581; x_wconf 84' lang='lat' dir='ltr'>liberam</span> <span class='ocrx_word' id='word_1_54' title='bbox 750 551 959 593; x_wconf 61' lang='lat' dir='ltr'>potestatem,</span> <span class='ocrx_word' id='word_1_55' title='bbox 987 549 1161 593; x_wconf 87' lang='lat' dir='ltr'>ipsumque</span> <span class='ocrx_word' id='word_1_56' title='bbox 1194 547 1359 582; x_wconf 88' lang='lat' dir='ltr'>Judicium</span> <span class='ocrx_word' id='word_1_57' title='bbox 1394 553 1426 582; x_wconf 88' lang='lat' dir='ltr'>et</span> <span class='ocrx_word' id='word_1_58' title='bbox 1461 553 1640 594; x_wconf 89' lang='lat' dir='ltr'>prouentus</span> <span class='ocrx_word' id='word_1_59' title='bbox 1669 549 1709 583; x_wconf 91' lang='lat' dir='ltr'>de</span> <span class='ocrx_word' id='word_1_60' title='bbox 1742 553 1814 596; x_wconf 85' lang='lat' dir='ltr'>ipso</span> <span class='ocrx_word' id='word_1_61' title='bbox 1848 550 1991 584; x_wconf 86' lang='lat' dir='ltr'>Judicio.</span> 
     </span>
     <span class='ocr_line' id='line_1_6' title="bbox 124 608 1992 658; baseline 0.002 -15"><span class='ocrx_word' id='word_1_62' title='bbox 124 614 224 656; x_wconf 87' lang='lat' dir='ltr'>prout.</span> <span class='ocrx_word' id='word_1_63' title='bbox 263 610 467 655; x_wconf 64' lang='lat' dir='ltr'>premittitur*</span> <span class='ocrx_word' id='word_1_64' title='bbox 500 611 735 654; x_wconf 88' lang='lat' dir='ltr'>prouenientes</span> <span class='ocrx_word' id='word_1_65' title='bbox 777 611 872 642; x_wconf 89' lang='lat' dir='ltr'>annis</span> <span class='ocrx_word' id='word_1_66' title='bbox 912 608 1051 654; x_wconf 80' lang='lat' dir='ltr'>singulis</span> <span class='ocrx_word' id='word_1_67' title='bbox 1084 611 1146 655; x_wconf 88' lang='lat' dir='ltr'>ipsi</span> <span class='ocrx_word' id='word_1_68' title='bbox 1182 608 1312 643; x_wconf 85' lang='lat' dir='ltr'>Ciuitati</span> <span class='ocrx_word' id='word_1_69' title='bbox 1345 609 1551 656; x_wconf 55' lang='grc' dir='ltr'>Ζῃοῃιιεηεί</span> <span class='ocrx_word' id='word_1_70' title='bbox 1583 615 1743 657; x_wconf 89' lang='lat' dir='ltr'>perpetuo</span> <span class='ocrx_word' id='word_1_71' title='bbox 1777 612 1992 658; x_wconf 79' lang='lat' dir='ltr'>applicamus.</span> 
     </span>
     <span class='ocr_line' id='line_1_7' title="bbox 124 668 1994 720; baseline 0.002 -15"><span class='ocrx_word' id='word_1_72' title='bbox 124 671 250 705; x_wconf 88' lang='lat' dir='ltr'>damus.</span> <span class='ocrx_word' id='word_1_73' title='bbox 280 669 481 704; x_wconf 87' lang='lat' dir='ltr'>conferimus</span> <span class='ocrx_word' id='word_1_74' title='bbox 509 674 540 703; x_wconf 90' lang='lat' dir='ltr'>et</span> <span class='ocrx_word' id='word_1_75' title='bbox 569 669 742 704; x_wconf 86' lang='lat' dir='ltr'>donamus.</span> <span class='ocrx_word' id='word_1_76' title='bbox 772 669 854 704; x_wconf 89' lang='lat' dir='ltr'>Item</span> <span class='ocrx_word' id='word_1_77' title='bbox 883 669 1003 704; x_wconf 75' lang='lat' dir='ltr'>Villam</span> <span class='ocrx_word' id='word_1_78' title='bbox 1021 668 1147 714; x_wconf 75' lang='lat' dir='ltr'>Vnow,</span> <span class='ocrx_word' id='word_1_79' title='bbox 1177 681 1240 716; x_wconf 89' lang='lat' dir='ltr'>que</span> <span class='ocrx_word' id='word_1_80' title='bbox 1268 670 1409 705; x_wconf 68' lang='lat' dir='ltr'>W&#39;inow</span> <span class='ocrx_word' id='word_1_81' title='bbox 1437 674 1469 704; x_wconf 93' lang='lat' dir='ltr'>in</span> <span class='ocrx_word' id='word_1_82' title='bbox 1498 671 1630 717; x_wconf 81' lang='lat' dir='ltr'>vulgari</span> <span class='ocrx_word' id='word_1_83' title='bbox 1659 671 1843 707; x_wconf 85' lang='lat' dir='ltr'>Teutonico</span> <span class='ocrx_word' id='word_1_84' title='bbox 1874 673 1994 720; x_wconf 86' lang='lat' dir='ltr'>appel—</span> 
     </span>
     <span class='ocr_line' id='line_1_8' title="bbox 123 730 1993 780; baseline 0.001 -14"><span class='ocrx_word' id='word_1_85' title='bbox 123 731 218 773; x_wconf 72' lang='lat' dir='ltr'>latur.</span> <span class='ocrx_word' id='word_1_86' title='bbox 247 734 343 766; x_wconf 88' lang='lat' dir='ltr'>sitam</span> <span class='ocrx_word' id='word_1_87' title='bbox 370 742 474 778; x_wconf 81' lang='lat' dir='ltr'>prope</span> <span class='ocrx_word' id='word_1_88' title='bbox 502 730 700 777; x_wconf 54' lang='lat' dir='ltr'>Znopuam.</span> <span class='ocrx_word' id='word_1_89' title='bbox 729 733 790 777; x_wconf 83' lang='lat' dir='ltr'>ipsi</span> <span class='ocrx_word' id='word_1_90' title='bbox 820 730 951 765; x_wconf 88' lang='lat' dir='ltr'>Ciuitati</span> <span class='ocrx_word' id='word_1_91' title='bbox 973 730 1190 778; x_wconf 60' lang='lat' dir='ltr'>Znoymensi.</span> <span class='ocrx_word' id='word_1_92' title='bbox 1220 735 1416 766; x_wconf 85' lang='lat' dir='ltr'>auctoritate</span> <span class='ocrx_word' id='word_1_93' title='bbox 1444 732 1553 778; x_wconf 80' lang='lat' dir='ltr'>Regia</span> <span class='ocrx_word' id='word_1_94' title='bbox 1582 736 1761 779; x_wconf 70' lang='lat' dir='ltr'>iungimus.</span> <span class='ocrx_word' id='word_1_95' title='bbox 1790 735 1993 780; x_wconf 85' lang='lat' dir='ltr'>applicamus</span> 
     </span>
     <span class='ocr_line' id='line_1_9' title="bbox 123 791 1992 840; baseline 0.002 -14"><span class='ocrx_word' id='word_1_96' title='bbox 123 797 156 827; x_wconf 86' lang='lat' dir='ltr'>et</span> <span class='ocrx_word' id='word_1_97' title='bbox 183 795 330 836; x_wconf 81' lang='lat' dir='ltr'>unimus,</span> <span class='ocrx_word' id='word_1_98' title='bbox 358 792 512 827; x_wconf 75' lang='lat' dir='ltr'>volentes</span> <span class='ocrx_word' id='word_1_99' title='bbox 540 796 576 826; x_wconf 73' lang='lat' dir='ltr'>vt</span> <span class='ocrx_word' id='word_1_100' title='bbox 602 791 681 826; x_wconf 73' lang='lat' dir='ltr'>villa</span> <span class='ocrx_word' id='word_1_101' title='bbox 715 791 831 826; x_wconf 88' lang='lat' dir='ltr'>eadem</span> <span class='ocrx_word' id='word_1_102' title='bbox 861 792 989 826; x_wconf 84' lang='lat' dir='ltr'>Cinium</span> <span class='ocrx_word' id='word_1_103' title='bbox 1018 797 1051 827; x_wconf 89' lang='lat' dir='ltr'>et</span> <span class='ocrx_word' id='word_1_104' title='bbox 1079 792 1228 828; x_wconf 89' lang='lat' dir='ltr'>Ciuitatis</span> <span class='ocrx_word' id='word_1_105' title='bbox 1260 796 1363 840; x_wconf 84' lang='lat' dir='ltr'>ipsius</span> <span class='ocrx_word' id='word_1_106' title='bbox 1401 794 1531 828; x_wconf 72' lang='lat' dir='ltr'>vnlitati</span> <span class='ocrx_word' id='word_1_107' title='bbox 1567 794 1766 829; x_wconf 85' lang='lat' dir='ltr'>diseruiens.</span> <span class='ocrx_word' id='word_1_108' title='bbox 1807 795 1910 830; x_wconf 83' lang='lat' dir='ltr'>libere</span> <span class='ocrx_word' id='word_1_109' title='bbox 1953 797 1992 830; x_wconf 89' lang='lat' dir='ltr'>ad</span> 
     </span>
     <span class='ocr_line' id='line_1_10' title="bbox 123 852 1992 902; baseline 0.002 -14"><span class='ocrx_word' id='word_1_110' title='bbox 123 856 228 900; x_wconf 84' lang='lat' dir='ltr'>ipsam</span> <span class='ocrx_word' id='word_1_111' title='bbox 262 853 436 888; x_wconf 90' lang='lat' dir='ltr'>Ciuitatem</span> <span class='ocrx_word' id='word_1_112' title='bbox 473 852 725 899; x_wconf 64' lang='lat' dir='ltr'>Znoymensem</span> <span class='ocrx_word' id='word_1_113' title='bbox 764 858 925 900; x_wconf 88' lang='lat' dir='ltr'>perpetuo</span> <span class='ocrx_word' id='word_1_114' title='bbox 959 853 1079 889; x_wconf 89' lang='lat' dir='ltr'>debeat</span> <span class='ocrx_word' id='word_1_115' title='bbox 1113 857 1293 901; x_wconf 87' lang='lat' dir='ltr'>pertinere.</span> <span class='ocrx_word' id='word_1_116' title='bbox 1334 855 1379 889; x_wconf 88' lang='lat' dir='ltr'>lta</span> <span class='ocrx_word' id='word_1_117' title='bbox 1416 855 1503 901; x_wconf 92' lang='lat' dir='ltr'>quod</span> <span class='ocrx_word' id='word_1_118' title='bbox 1539 859 1600 902; x_wconf 87' lang='lat' dir='ltr'>ipsi</span> <span class='ocrx_word' id='word_1_119' title='bbox 1637 855 1737 891; x_wconf 87' lang='lat' dir='ltr'>Ciues</span> <span class='ocrx_word' id='word_1_120' title='bbox 1776 856 1817 891; x_wconf 89' lang='lat' dir='ltr'>ad</span> <span class='ocrx_word' id='word_1_121' title='bbox 1856 857 1992 891; x_wconf 78' lang='lat' dir='ltr'>alicuius</span> 
     </span>
     <span class='ocr_line' id='line_1_11' title="bbox 122 914 1991 961; baseline 0.001 -11"><span class='ocrx_word' id='word_1_122' title='bbox 122 926 243 950; x_wconf 82' lang='lat' dir='ltr'>census</span> <span class='ocrx_word' id='word_1_123' title='bbox 271 914 479 958; x_wconf 74' lang='lat' dir='ltr'>solutionem,</span> <span class='ocrx_word' id='word_1_124' title='bbox 521 917 650 949; x_wconf 91' lang='lat' dir='ltr'>ratione</span> <span class='ocrx_word' id='word_1_125' title='bbox 691 917 914 961; x_wconf 85' lang='lat' dir='ltr'>possessionis</span> <span class='ocrx_word' id='word_1_126' title='bbox 946 914 1033 950; x_wconf 80' lang='lat' dir='ltr'>Ville</span> <span class='ocrx_word' id='word_1_127' title='bbox 1070 916 1220 951; x_wconf 87' lang='lat' dir='ltr'>eiusdem</span> <span class='ocrx_word' id='word_1_128' title='bbox 1251 916 1356 951; x_wconf 78' lang='lat' dir='ltr'>Nobis</span> <span class='ocrx_word' id='word_1_129' title='bbox 1389 921 1443 951; x_wconf 90' lang='lat' dir='ltr'>aut</span> <span class='ocrx_word' id='word_1_130' title='bbox 1484 916 1626 952; x_wconf 89' lang='lat' dir='ltr'>Camere</span> <span class='ocrx_word' id='word_1_131' title='bbox 1658 922 1770 952; x_wconf 89' lang='lat' dir='ltr'>nostre</span> <span class='ocrx_word' id='word_1_132' title='bbox 1803 917 1991 952; x_wconf 86' lang='lat' dir='ltr'>faciendam</span> 
     </span>
     <span class='ocr_line' id='line_1_12' title="bbox 121 970 1993 1026; baseline 0.002 -16"><span class='ocrx_word' id='word_1_133' title='bbox 121 975 307 1010; x_wconf 88' lang='lat' dir='ltr'>nullatenus</span> <span class='ocrx_word' id='word_1_134' title='bbox 334 978 399 1010; x_wconf 89' lang='lat' dir='ltr'>sint</span> <span class='ocrx_word' id='word_1_135' title='bbox 427 970 583 1010; x_wconf 79' lang='lat' dir='ltr'>adstricti.</span> <span class='ocrx_word' id='word_1_136' title='bbox 613 975 695 1011; x_wconf 82' lang='lat' dir='ltr'>Item</span> <span class='ocrx_word' id='word_1_137' title='bbox 724 976 822 1010; x_wconf 88' lang='lat' dir='ltr'>Ciues</span> <span class='ocrx_word' id='word_1_138' title='bbox 858 979 948 1023; x_wconf 87' lang='lat' dir='ltr'>ipsos</span> <span class='ocrx_word' id='word_1_139' title='bbox 980 976 1215 1024; x_wconf 62' lang='lat' dir='ltr'>Znoymenses</span> <span class='ocrx_word' id='word_1_140' title='bbox 1244 989 1262 1011; x_wconf 89' lang='lat' dir='ltr'>a</span> <span class='ocrx_word' id='word_1_141' title='bbox 1292 978 1457 1013; x_wconf 90' lang='lat' dir='ltr'>solutione</span> <span class='ocrx_word' id='word_1_142' title='bbox 1495 982 1639 1025; x_wconf 88' lang='lat' dir='ltr'>quinque</span> <span class='ocrx_word' id='word_1_143' title='bbox 1673 978 1874 1023; x_wconf 51' lang='lat' dir='ltr'>marcarum.</span> <span class='ocrx_word' id='word_1_144' title='bbox 1911 991 1993 1026; x_wconf 85' lang='lat' dir='ltr'>quos</span> 
     </span>
     <span class='ocr_line' id='line_1_13' title="bbox 121 1036 1992 1086; baseline 0.002 -14"><span class='ocrx_word' id='word_1_145' title='bbox 121 1036 250 1072; x_wconf 86' lang='lat' dir='ltr'>Census</span> <span class='ocrx_word' id='word_1_146' title='bbox 278 1039 413 1072; x_wconf 88' lang='lat' dir='ltr'>nomine</span> <span class='ocrx_word' id='word_1_147' title='bbox 441 1037 482 1071; x_wconf 91' lang='lat' dir='ltr'>de</span> <span class='ocrx_word' id='word_1_148' title='bbox 504 1036 589 1071; x_wconf 78' lang='lat' dir='ltr'>Villa</span> <span class='ocrx_word' id='word_1_149' title='bbox 612 1036 866 1071; x_wconf 82' lang='lat' dir='ltr'>Schatticzdorff</span> <span class='ocrx_word' id='word_1_150' title='bbox 889 1037 976 1084; x_wconf 90' lang='lat' dir='ltr'>apud</span> <span class='ocrx_word' id='word_1_151' title='bbox 996 1037 1184 1086; x_wconf 69' lang='lat' dir='ltr'>Znoymam</span> <span class='ocrx_word' id='word_1_152' title='bbox 1216 1042 1278 1073; x_wconf 90' lang='lat' dir='ltr'>sita</span> <span class='ocrx_word' id='word_1_153' title='bbox 1302 1039 1397 1074; x_wconf 88' lang='lat' dir='ltr'>nobis</span> <span class='ocrx_word' id='word_1_154' title='bbox 1426 1044 1480 1074; x_wconf 89' lang='lat' dir='ltr'>aut</span> <span class='ocrx_word' id='word_1_155' title='bbox 1509 1041 1650 1074; x_wconf 84' lang='lat' dir='ltr'>Camere</span> <span class='ocrx_word' id='word_1_156' title='bbox 1672 1039 1796 1075; x_wconf 77' lang='lat' dir='ltr'>Nostre</span> <span class='ocrx_word' id='word_1_157' title='bbox 1825 1044 1992 1075; x_wconf 81' lang='lat' dir='ltr'>annuatim</span> 
     </span>
     <span class='ocr_line' id='line_1_14' title="bbox 122 1098 1993 1148; baseline 0.003 -16"><span class='ocrx_word' id='word_1_158' title='bbox 122 1098 255 1133; x_wconf 89' lang='lat' dir='ltr'>soluere</span> <span class='ocrx_word' id='word_1_159' title='bbox 283 1102 448 1142; x_wconf 69' lang='lat' dir='ltr'>tenentur.</span> <span class='ocrx_word' id='word_1_160' title='bbox 478 1103 511 1132; x_wconf 84' lang='lat' dir='ltr'>et</span> <span class='ocrx_word' id='word_1_161' title='bbox 536 1101 627 1145; x_wconf 88' lang='lat' dir='ltr'>prius</span> <span class='ocrx_word' id='word_1_162' title='bbox 655 1098 837 1142; x_wconf 72' lang='lat' dir='ltr'>soluerunt.</span> <span class='ocrx_word' id='word_1_163' title='bbox 871 1102 1028 1145; x_wconf 82' lang='lat' dir='ltr'>graciose</span> <span class='ocrx_word' id='word_1_164' title='bbox 1071 1099 1287 1137; x_wconf 86' lang='lat' dir='ltr'>absoluimus.</span> <span class='ocrx_word' id='word_1_165' title='bbox 1325 1106 1355 1134; x_wconf 81' lang='lat' dir='ltr'>et</span> <span class='ocrx_word' id='word_1_166' title='bbox 1386 1112 1463 1136; x_wconf 86' lang='lat' dir='ltr'>esse</span> <span class='ocrx_word' id='word_1_167' title='bbox 1493 1102 1642 1136; x_wconf 88' lang='lat' dir='ltr'>uolnnms</span> <span class='ocrx_word' id='word_1_168' title='bbox 1674 1107 1835 1148; x_wconf 86' lang='lat' dir='ltr'>perpetuo</span> <span class='ocrx_word' id='word_1_169' title='bbox 1871 1103 1993 1137; x_wconf 78' lang='lat' dir='ltr'>liberos</span> 
     </span>
     <span class='ocr_line' id='line_1_15' title="bbox 120 1159 1994 1210; baseline 0.002 -16"><span class='ocrx_word' id='word_1_170' title='bbox 120 1164 154 1194; x_wconf 89' lang='lat' dir='ltr'>et</span> <span class='ocrx_word' id='word_1_171' title='bbox 180 1164 367 1206; x_wconf 79' lang='lat' dir='ltr'>exemptos.</span> <span class='ocrx_word' id='word_1_172' title='bbox 397 1159 491 1203; x_wconf 60' lang='lat' dir='ltr'>Item.</span> <span class='ocrx_word' id='word_1_173' title='bbox 521 1159 795 1206; x_wconf 86' lang='lat' dir='ltr'>quandocumque</span> <span class='ocrx_word' id='word_1_174' title='bbox 824 1165 857 1194; x_wconf 86' lang='lat' dir='ltr'>et</span> <span class='ocrx_word' id='word_1_175' title='bbox 883 1163 1156 1208; x_wconf 84' lang='lat' dir='ltr'>quotiescumque.</span> <span class='ocrx_word' id='word_1_176' title='bbox 1185 1161 1226 1196; x_wconf 87' lang='lat' dir='ltr'>ad</span> <span class='ocrx_word' id='word_1_177' title='bbox 1255 1165 1360 1208; x_wconf 84' lang='lat' dir='ltr'>ipsam</span> <span class='ocrx_word' id='word_1_178' title='bbox 1391 1162 1565 1197; x_wconf 84' lang='lat' dir='ltr'>Ciuitatem</span> <span class='ocrx_word' id='word_1_179' title='bbox 1595 1162 1846 1210; x_wconf 55' lang='lat' dir='ltr'>Znoymensem</span> <span class='ocrx_word' id='word_1_180' title='bbox 1881 1163 1994 1198; x_wconf 89' lang='lat' dir='ltr'>homi-</span> 
     </span>
     <span class='ocr_line' id='line_1_16' title="bbox 120 1220 1991 1271; baseline 0.003 -16"><span class='ocrx_word' id='word_1_181' title='bbox 120 1231 181 1255; x_wconf 88' lang='lat' dir='ltr'>nes</span> <span class='ocrx_word' id='word_1_182' title='bbox 209 1220 338 1267; x_wconf 89' lang='lat' dir='ltr'>aliquos</span> <span class='ocrx_word' id='word_1_183' title='bbox 366 1232 426 1268; x_wconf 92' lang='lat' dir='ltr'>pro</span> <span class='ocrx_word' id='word_1_184' title='bbox 454 1224 712 1256; x_wconf 86' lang='lat' dir='ltr'>conseruatione</span> <span class='ocrx_word' id='word_1_185' title='bbox 732 1226 763 1255; x_wconf 88' lang='lat' dir='ltr'>et</span> <span class='ocrx_word' id='word_1_186' title='bbox 791 1221 940 1256; x_wconf 86' lang='lat' dir='ltr'>custodia</span> <span class='ocrx_word' id='word_1_187' title='bbox 956 1221 1104 1258; x_wconf 87' lang='lat' dir='ltr'>Ciuitatis</span> <span class='ocrx_word' id='word_1_188' title='bbox 1132 1226 1236 1269; x_wconf 87' lang='lat' dir='ltr'>ipsius</span> <span class='ocrx_word' id='word_1_189' title='bbox 1265 1235 1326 1258; x_wconf 85' lang='lat' dir='ltr'>nos</span> <span class='ocrx_word' id='word_1_190' title='bbox 1356 1227 1578 1258; x_wconf 85' lang='lat' dir='ltr'>transmittere</span> <span class='ocrx_word' id='word_1_191' title='bbox 1606 1229 1637 1258; x_wconf 89' lang='lat' dir='ltr'>et</span> <span class='ocrx_word' id='word_1_192' title='bbox 1667 1224 1780 1259; x_wconf 89' lang='lat' dir='ltr'>locare</span> <span class='ocrx_word' id='word_1_193' title='bbox 1808 1228 1991 1271; x_wconf 77' lang='lat' dir='ltr'>continget.</span> 
     </span>
     <span class='ocr_line' id='line_1_17' title="bbox 121 1281 1993 1333; baseline 0.002 -17"><span class='ocrx_word' id='word_1_194' title='bbox 121 1281 194 1317; x_wconf 88' lang='lat' dir='ltr'>illos</span> <span class='ocrx_word' id='word_1_195' title='bbox 216 1281 344 1316; x_wconf 84' lang='lat' dir='ltr'>&#39;ibidem</span> <span class='ocrx_word' id='word_1_196' title='bbox 371 1281 554 1317; x_wconf 89' lang='lat' dir='ltr'>locabimus</span> <span class='ocrx_word' id='word_1_197' title='bbox 583 1287 615 1317; x_wconf 85' lang='lat' dir='ltr'>et</span> <span class='ocrx_word' id='word_1_198' title='bbox 642 1283 826 1318; x_wconf 87' lang='lat' dir='ltr'>tenebimus</span> <span class='ocrx_word' id='word_1_199' title='bbox 855 1286 928 1318; x_wconf 91' lang='lat' dir='ltr'>sine</span> <span class='ocrx_word' id='word_1_200' title='bbox 956 1283 1099 1319; x_wconf 88' lang='lat' dir='ltr'>dambno</span> <span class='ocrx_word' id='word_1_201' title='bbox 1135 1285 1284 1319; x_wconf 82' lang='lat' dir='ltr'>Ciuitatis</span> <span class='ocrx_word' id='word_1_202' title='bbox 1320 1290 1351 1319; x_wconf 89' lang='lat' dir='ltr'>et</span> <span class='ocrx_word' id='word_1_203' title='bbox 1381 1286 1508 1320; x_wconf 84' lang='lat' dir='ltr'>Cinium</span> <span class='ocrx_word' id='word_1_204' title='bbox 1544 1286 1777 1332; x_wconf 85' lang='lat' dir='ltr'>predictorum.</span> <span class='ocrx_word' id='word_1_205' title='bbox 1815 1286 1993 1333; x_wconf 87' lang='lat' dir='ltr'>Postquam</span> 
     </span>
     <span class='ocr_line' id='line_1_18' title="bbox 121 1342 1991 1393; baseline 0.003 -16"><span class='ocrx_word' id='word_1_206' title='bbox 121 1347 243 1387; x_wconf 64' lang='lat' dir='ltr'>autem.</span> <span class='ocrx_word' id='word_1_207' title='bbox 270 1342 410 1378; x_wconf 83' lang='lat' dir='ltr'>fauente</span> <span class='ocrx_word' id='word_1_208' title='bbox 436 1343 594 1388; x_wconf 85' lang='lat' dir='ltr'>Domino,</span> <span class='ocrx_word' id='word_1_209' title='bbox 624 1346 656 1378; x_wconf 93' lang='lat' dir='ltr'>in</span> <span class='ocrx_word' id='word_1_210' title='bbox 684 1343 817 1390; x_wconf 81' lang='lat' dir='ltr'>Regem</span> <span class='ocrx_word' id='word_1_211' title='bbox 845 1344 1005 1380; x_wconf 81' lang='lat' dir='ltr'>fuerimus</span> <span class='ocrx_word' id='word_1_212' title='bbox 1033 1349 1195 1390; x_wconf 72' lang='lat' dir='ltr'>coronati.</span> <span class='ocrx_word' id='word_1_213' title='bbox 1225 1346 1337 1381; x_wconf 87' lang='lat' dir='ltr'>literas</span> <span class='ocrx_word' id='word_1_214' title='bbox 1379 1350 1544 1393; x_wconf 71' lang='lat' dir='ltr'>presentis</span> <span class='ocrx_word' id='word_1_215' title='bbox 1588 1350 1712 1381; x_wconf 87' lang='lat' dir='ltr'>tenoris</span> <span class='ocrx_word' id='word_1_216' title='bbox 1741 1348 1991 1382; x_wconf 78' lang='lat' dir='ltr'>renouabimus.</span> 
     </span>
     <span class='ocr_line' id='line_1_19' title="bbox 124 1404 1993 1456; baseline 0.003 -18"><span class='ocrx_word' id='word_1_217' title='bbox 124 1408 158 1438; x_wconf 87' lang='lat' dir='ltr'>et</span> <span class='ocrx_word' id='word_1_218' title='bbox 183 1415 242 1439; x_wconf 87' lang='lat' dir='ltr'>eas</span> <span class='ocrx_word' id='word_1_219' title='bbox 270 1407 351 1451; x_wconf 89' lang='lat' dir='ltr'>ipsis</span> <span class='ocrx_word' id='word_1_220' title='bbox 380 1404 515 1440; x_wconf 87' lang='lat' dir='ltr'>Ciuibus</span> <span class='ocrx_word' id='word_1_221' title='bbox 542 1405 812 1452; x_wconf 57' lang='lat' dir='ltr'>Znopnensibus</span> <span class='ocrx_word' id='word_1_222' title='bbox 841 1406 1002 1451; x_wconf 67' lang='lat' dir='ltr'>dabimus.</span> <span class='ocrx_word' id='word_1_223' title='bbox 1032 1407 1148 1453; x_wconf 82' lang='lat' dir='ltr'>sigillis</span> <span class='ocrx_word' id='word_1_224' title='bbox 1177 1411 1359 1442; x_wconf 86' lang='lat' dir='ltr'>maiestatis</span> <span class='ocrx_word' id='word_1_225' title='bbox 1388 1413 1513 1453; x_wconf 64' lang='lat' dir='ltr'>nostre.</span> <span class='ocrx_word' id='word_1_226' title='bbox 1544 1408 1660 1455; x_wconf 87' lang='lat' dir='ltr'>quibus</span> <span class='ocrx_word' id='word_1_227' title='bbox 1694 1414 1770 1443; x_wconf 86' lang='lat' dir='ltr'>tunc</span> <span class='ocrx_word' id='word_1_228' title='bbox 1798 1413 1844 1444; x_wconf 83' lang='lat' dir='ltr'>vti</span> <span class='ocrx_word' id='word_1_229' title='bbox 1882 1422 1993 1456; x_wconf 82' lang='lat' dir='ltr'>cepe—</span> 
     </span>
     <span class='ocr_line' id='line_1_20' title="bbox 124 1466 1991 1516; baseline 0.003 -17"><span class='ocrx_word' id='word_1_230' title='bbox 124 1467 239 1509; x_wconf 76' lang='lat' dir='ltr'>rimus,</span> <span class='ocrx_word' id='word_1_231' title='bbox 275 1466 445 1511; x_wconf 83' lang='lat' dir='ltr'>sigillatas.</span> <span class='ocrx_word' id='word_1_232' title='bbox 481 1466 519 1501; x_wconf 90' lang='lat' dir='ltr'>In</span> <span class='ocrx_word' id='word_1_233' title='bbox 553 1469 646 1502; x_wconf 89' lang='lat' dir='ltr'>cuius</span> <span class='ocrx_word' id='word_1_234' title='bbox 680 1470 729 1507; x_wconf 74' lang='lat' dir='ltr'>rei</span> <span class='ocrx_word' id='word_1_235' title='bbox 763 1470 982 1502; x_wconf 88' lang='lat' dir='ltr'>testimonium</span> <span class='ocrx_word' id='word_1_236' title='bbox 1011 1473 1187 1515; x_wconf 90' lang='lat' dir='ltr'>presentes</span> <span class='ocrx_word' id='word_1_237' title='bbox 1229 1469 1340 1504; x_wconf 87' lang='lat' dir='ltr'>literas</span> <span class='ocrx_word' id='word_1_238' title='bbox 1376 1469 1459 1513; x_wconf 74' lang='lat' dir='ltr'>lieri.</span> <span class='ocrx_word' id='word_1_239' title='bbox 1496 1474 1527 1504; x_wconf 90' lang='lat' dir='ltr'>et</span> <span class='ocrx_word' id='word_1_240' title='bbox 1563 1475 1693 1505; x_wconf 87' lang='lat' dir='ltr'>secreto</span> <span class='ocrx_word' id='word_1_241' title='bbox 1729 1471 1838 1516; x_wconf 70' lang='lat' dir='ltr'>sigillo</span> <span class='ocrx_word' id='word_1_242' title='bbox 1874 1475 1991 1505; x_wconf 85' lang='lat' dir='ltr'>nostro</span> 
     </span>
     <span class='ocr_line' id='line_1_21' title="bbox 119 1527 1987 1579; baseline 0.003 -19"><span class='ocrx_word' id='word_1_243' title='bbox 119 1527 278 1571; x_wconf 88' lang='lat' dir='ltr'>jussimus</span> <span class='ocrx_word' id='word_1_244' title='bbox 312 1530 518 1562; x_wconf 84' lang='lat' dir='ltr'>communiri.</span> <span class='ocrx_word' id='word_1_245' title='bbox 554 1527 640 1562; x_wconf 90' lang='lat' dir='ltr'>Data</span> <span class='ocrx_word' id='word_1_246' title='bbox 668 1531 701 1563; x_wconf 91' lang='lat' dir='ltr'>in</span> <span class='ocrx_word' id='word_1_247' title='bbox 728 1528 881 1575; x_wconf 65' lang='lat' dir='ltr'>Znoyma</span> <span class='ocrx_word' id='word_1_248' title='bbox 910 1530 1011 1564; x_wconf 85' lang='lat' dir='ltr'>Anno</span> <span class='ocrx_word' id='word_1_249' title='bbox 1046 1530 1181 1565; x_wconf 90' lang='lat' dir='ltr'>Domini</span> <span class='ocrx_word' id='word_1_250' title='bbox 1208 1530 1383 1566; x_wconf 83' lang='lat' dir='ltr'>Millesimo</span> <span class='ocrx_word' id='word_1_251' title='bbox 1421 1531 1671 1566; x_wconf 78' lang='lat' dir='ltr'>Trecentesimo</span> <span class='ocrx_word' id='word_1_252' title='bbox 1702 1532 1862 1579; x_wconf 84' lang='lat' dir='ltr'>Septimo.</span> <span class='ocrx_word' id='word_1_253' title='bbox 1899 1532 1987 1567; x_wconf 78' lang='lat'>11110.</span> 
     </span>
     <span class='ocr_line' id='line_1_22' title="bbox 123 1586 1492 1639; baseline 0.004 -18"><span class='ocrx_word' id='word_1_254' title='bbox 123 1586 197 1622; x_wconf 87' lang='lat' dir='ltr'>ldus</span> <span class='ocrx_word' id='word_1_255' title='bbox 225 1587 436 1632; x_wconf 66' lang='lat' dir='ltr'>Nouembris.</span> <span class='ocrx_word' id='word_1_256' title='bbox 466 1588 649 1624; x_wconf 87' lang='lat' dir='ltr'>Indictione</span> <span class='ocrx_word' id='word_1_257' title='bbox 678 1595 785 1625; x_wconf 80' lang='lat' dir='ltr'>sexta.</span> <span class='ocrx_word' id='word_1_258' title='bbox 816 1591 1012 1636; x_wconf 79' lang='lat' dir='ltr'>Regnorum</span> <span class='ocrx_word' id='word_1_259' title='bbox 1041 1596 1230 1626; x_wconf 86' lang='lat' dir='ltr'>nostrorum</span> <span class='ocrx_word' id='word_1_260' title='bbox 1259 1604 1347 1627; x_wconf 91' lang='lat' dir='ltr'>anno</span> <span class='ocrx_word' id='word_1_261' title='bbox 1375 1596 1492 1639; x_wconf 87' lang='lat' dir='ltr'>primo.</span> 
     </span>
    </p>
   </div>
   <div class='ocr_carea' id='block_1_2' title="bbox 433 1668 1774 1708">
    <p class='ocr_par' dir='ltr' id='par_1_2' title="bbox 433 1668 1774 1708">
     <span class='ocr_line' id='line_1_23' title="bbox 433 1668 1774 1708; baseline 0.004 -14"><span class='ocrx_word' id='word_1_262' title='bbox 433 1668 522 1703; x_wconf 78' lang='lat' dir='ltr'>(Oi-ig.</span> <span class='ocrx_word' id='word_1_263' title='bbox 548 1669 693 1696; x_wconf 83' lang='lat' dir='ltr'>membran.</span> <span class='ocrx_word' id='word_1_264' title='bbox 719 1678 776 1697; x_wconf 89' lang='lat' dir='ltr'>cum</span> <span class='ocrx_word' id='word_1_265' title='bbox 800 1670 893 1706; x_wconf 81' lang='lat' dir='ltr'>sigillo</span> <span class='ocrx_word' id='word_1_266' title='bbox 917 1680 1000 1706; x_wconf 75' lang='lat' dir='ltr'>parvo</span> <span class='ocrx_word' id='word_1_267' title='bbox 1024 1672 1093 1698; x_wconf 85' lang='lat' dir='ltr'>bene</span> <span class='ocrx_word' id='word_1_268' title='bbox 1117 1675 1280 1699; x_wconf 75' lang='lat' dir='ltr'>conservato</span> <span class='ocrx_word' id='word_1_269' title='bbox 1306 1673 1331 1699; x_wconf 92' lang='lat' dir='ltr'>in</span> <span class='ocrx_word' id='word_1_270' title='bbox 1356 1673 1466 1699; x_wconf 70' lang='lat' dir='ltr'>archim</span> <span class='ocrx_word' id='word_1_271' title='bbox 1491 1674 1608 1708; x_wconf 76' lang='lat' dir='ltr'>ejusdem</span> <span class='ocrx_word' id='word_1_272' title='bbox 1633 1673 1774 1704; x_wconf 73' lang='lat' dir='ltr'>civitatis).</span> 
     </span>
    </p>
   </div>
   <div class='ocr_carea' id='block_1_3' title="bbox 124 1855 1991 1972">
    <p class='ocr_par' dir='ltr' id='par_1_3' title="bbox 124 1855 1991 1972">
     <span class='ocr_line' id='line_1_24' title="bbox 124 1855 1991 1907; baseline 0.003 -18"><span class='ocrx_word' id='word_1_273' title='bbox 124 1855 308 1899; x_wconf 71' lang='lat' dir='ltr'>Hem-icus,</span> <span class='ocrx_word' id='word_1_274' title='bbox 337 1868 404 1890; x_wconf 70' lang='lat' dir='ltr'>rez-</span> <span class='ocrx_word' id='word_1_275' title='bbox 431 1856 617 1901; x_wconf 67' lang='lat' dir='ltr'>Bolzeme‘oe.</span> <span class='ocrx_word' id='word_1_276' title='bbox 648 1856 774 1891; x_wconf 79' lang='lat' dir='ltr'>liberat</span> <span class='ocrx_word' id='word_1_277' title='bbox 809 1859 981 1893; x_wconf 77' lang='lat' dir='ltr'>cirilatem</span> <span class='ocrx_word' id='word_1_278' title='bbox 1018 1859 1264 1905; x_wconf 71' lang='lat' dir='ltr'>Znoymensem</span> <span class='ocrx_word' id='word_1_279' title='bbox 1299 1860 1340 1894; x_wconf 81' lang='lat' dir='ltr'>ob</span> <span class='ocrx_word' id='word_1_280' title='bbox 1368 1872 1492 1905; x_wconf 69' lang='lat' dir='ltr'>magstat</span> <span class='ocrx_word' id='word_1_281' title='bbox 1528 1865 1680 1906; x_wconf 79' lang='lat' dir='ltr'>tempore</span> <span class='ocrx_word' id='word_1_282' title='bbox 1715 1861 1798 1896; x_wconf 78' lang='lat' dir='ltr'>belli</span> <span class='ocrx_word' id='word_1_283' title='bbox 1821 1873 1991 1907; x_wconf 73' lang='lat' dir='ltr'>perpessa</span> 
     </span>
     <span class='ocr_line' id='line_1_25' title="bbox 221 1917 1888 1972; baseline 0.004 -22"><span class='ocrx_word' id='word_1_284' title='bbox 221 1917 344 1951; x_wconf 80' lang='lat' dir='ltr'>damna</span> <span class='ocrx_word' id='word_1_285' title='bbox 372 1929 393 1951; x_wconf 82' lang='lat' dir='ltr'>a</span> <span class='ocrx_word' id='word_1_286' title='bbox 422 1918 594 1952; x_wconf 76' lang='lat' dir='ltr'>solutione</span> <span class='ocrx_word' id='word_1_287' title='bbox 616 1930 742 1972; x_wconf 34' lang='lat' dir='ltr'>‘census</span> <span class='ocrx_word' id='word_1_288' title='bbox 772 1920 804 1953; x_wconf 79' lang='grc' dir='ltr'>ῐιι</span> <span class='ocrx_word' id='word_1_289' title='bbox 833 1931 898 1953; x_wconf 66' lang='lat' dir='ltr'>sea:</span> <span class='ocrx_word' id='word_1_290' title='bbox 925 1932 1045 1954; x_wconf 69' lang='lat' dir='ltr'>aureos.</span> <span class='ocrx_word' id='word_1_291' title='bbox 1076 1921 1136 1954; x_wconf 73' lang='lat' dir='ltr'>De.</span> <span class='ocrx_word' id='word_1_292' title='bbox 1167 1921 1310 1966; x_wconf 67' lang='lat' dir='ltr'>Jylaciae</span> <span class='ocrx_word' id='word_1_293' title='bbox 1347 1921 1400 1956; x_wconf 70' lang='grc' dir='ltr'>ΓΙ.</span> <span class='ocrx_word' id='word_1_294' title='bbox 1432 1922 1512 1956; x_wconf 73' lang='lat' dir='ltr'>lalus</span> <span class='ocrx_word' id='word_1_295' title='bbox 1542 1922 1746 1957; x_wconf 48' lang='lat' dir='ltr'>,Novembris</span> <span class='ocrx_word' id='word_1_296' title='bbox 1778 1923 1888 1958; x_wconf 79' lang='lat'><strong><em>1307.</em></strong></span> 
     </span>
    </p>
   </div>
   <div class='ocr_carea' id='block_1_4' title="bbox 120 2001 1992 2671">
    <p class='ocr_par' dir='ltr' id='par_1_4' title="bbox 120 2001 1992 2671">
     <span class='ocr_line' id='line_1_26' title="bbox 296 2001 1990 2070; baseline 0.003 -13"><span class='ocrx_word' id='word_1_297' title='bbox 296 2001 388 2057; x_wconf 71' lang='lat' dir='ltr'>Nos</span> <span class='ocrx_word' id='word_1_298' title='bbox 416 2022 592 2058; x_wconf 87' lang='lat' dir='ltr'>Heinricus</span> <span class='ocrx_word' id='word_1_299' title='bbox 621 2024 672 2059; x_wconf 94' lang='lat' dir='ltr'>dei</span> <span class='ocrx_word' id='word_1_300' title='bbox 694 2027 808 2070; x_wconf 73' lang='lat' dir='ltr'>gracia</span> <span class='ocrx_word' id='word_1_301' title='bbox 831 2024 966 2059; x_wconf 80' lang='lat' dir='ltr'>Boemie</span> <span class='ocrx_word' id='word_1_302' title='bbox 988 2029 1019 2059; x_wconf 90' lang='lat' dir='ltr'>et</span> <span class='ocrx_word' id='word_1_303' title='bbox 1041 2024 1176 2059; x_wconf 86' lang='lat' dir='ltr'>Polonie</span> <span class='ocrx_word' id='word_1_304' title='bbox 1205 2025 1290 2069; x_wconf 59' lang='lat' dir='ltr'>Rex.</span> <span class='ocrx_word' id='word_1_305' title='bbox 1316 2026 1486 2061; x_wconf 75' lang='lat' dir='ltr'>Karintliie</span> <span class='ocrx_word' id='word_1_306' title='bbox 1515 2027 1603 2062; x_wconf 81' lang='lat' dir='ltr'>Dux.</span> <span class='ocrx_word' id='word_1_307' title='bbox 1629 2032 1659 2062; x_wconf 82' lang='lat' dir='ltr'>et</span> <span class='ocrx_word' id='word_1_308' title='bbox 1683 2027 1804 2062; x_wconf 88' lang='lat' dir='ltr'>Comes</span> <span class='ocrx_word' id='word_1_309' title='bbox 1833 2028 1990 2063; x_wconf 79' lang='lat' dir='ltr'>Thirolis.</span> 
     </span>
     <span class='ocr_line' id='line_1_27' title="bbox 122 2076 1992 2135; baseline 0.004 -18"><span class='ocrx_word' id='word_1_310' title='bbox 122 2081 241 2118; x_wconf 82' lang='lat' dir='ltr'>Notum</span> <span class='ocrx_word' id='word_1_311' title='bbox 271 2084 411 2119; x_wconf 81' lang='lat' dir='ltr'>facimus</span> <span class='ocrx_word' id='word_1_312' title='bbox 439 2088 608 2120; x_wconf 80' lang='lat' dir='ltr'>vniuersis</span> <span class='ocrx_word' id='word_1_313' title='bbox 642 2090 815 2132; x_wconf 85' lang='lat' dir='ltr'>presentes</span> <span class='ocrx_word' id='word_1_314' title='bbox 848 2086 959 2120; x_wconf 90' lang='lat' dir='ltr'>literas</span> <span class='ocrx_word' id='word_1_315' title='bbox 989 2076 1205 2133; x_wconf 64' lang='lat' dir='ltr'>inspecturis.</span> <span class='ocrx_word' id='word_1_316' title='bbox 1241 2088 1327 2134; x_wconf 89' lang='lat' dir='ltr'>quod</span> <span class='ocrx_word' id='word_1_317' title='bbox 1362 2088 1431 2123; x_wconf 70' lang='lat' dir='ltr'>Nos</span> <span class='ocrx_word' id='word_1_318' title='bbox 1467 2089 1617 2135; x_wconf 79' lang='lat' dir='ltr'>dampnis</span> <span class='ocrx_word' id='word_1_319' title='bbox 1654 2089 1858 2124; x_wconf 80' lang='lat' dir='ltr'>Dilectorum</span> <span class='ocrx_word' id='word_1_320' title='bbox 1886 2089 1992 2125; x_wconf 75' lang='lat' dir='ltr'>Nobis</span> 
     </span>
     <span class='ocr_line' id='line_1_28' title="bbox 123 2142 1992 2197; baseline 0.004 -19"><span class='ocrx_word' id='word_1_321' title='bbox 123 2142 250 2178; x_wconf 89' lang='lat' dir='ltr'>Ciuium</span> <span class='ocrx_word' id='word_1_322' title='bbox 279 2150 469 2180; x_wconf 86' lang='lat' dir='ltr'>nostrorum</span> <span class='ocrx_word' id='word_1_323' title='bbox 498 2145 771 2194; x_wconf 59' lang='lat' dir='ltr'>Znoymensium.</span> <span class='ocrx_word' id='word_1_324' title='bbox 801 2158 864 2193; x_wconf 90' lang='lat' dir='ltr'>que</span> <span class='ocrx_word' id='word_1_325' title='bbox 899 2147 998 2182; x_wconf 88' lang='lat' dir='ltr'>multa</span> <span class='ocrx_word' id='word_1_326' title='bbox 1028 2153 1059 2182; x_wconf 87' lang='lat' dir='ltr'>et</span> <span class='ocrx_word' id='word_1_327' title='bbox 1088 2159 1209 2194; x_wconf 75' lang='lat' dir='ltr'>magna</span> <span class='ocrx_word' id='word_1_328' title='bbox 1243 2160 1304 2196; x_wconf 86' lang='lat' dir='ltr'>per</span> <span class='ocrx_word' id='word_1_329' title='bbox 1338 2155 1470 2184; x_wconf 72' lang='lat' dir='ltr'>nostros</span> <span class='ocrx_word' id='word_1_330' title='bbox 1504 2150 1716 2185; x_wconf 52' lang='lat' dir='ltr'>aduersariis</span> <span class='ocrx_word' id='word_1_331' title='bbox 1750 2163 1870 2197; x_wconf 89' lang='lat' dir='ltr'>querre</span> <span class='ocrx_word' id='word_1_332' title='bbox 1903 2156 1992 2185; x_wconf 86' lang='lat' dir='ltr'>tem-</span> 
     </span>
     <span class='ocr_line' id='line_1_29' title="bbox 123 2207 1992 2259; baseline 0.004 -20"><span class='ocrx_word' id='word_1_333' title='bbox 123 2216 203 2251; x_wconf 87' lang='lat' dir='ltr'>pore</span> <span class='ocrx_word' id='word_1_334' title='bbox 231 2210 306 2240; x_wconf 88' lang='lat' dir='ltr'>sunt</span> <span class='ocrx_word' id='word_1_335' title='bbox 335 2209 438 2253; x_wconf 67' lang='lat' dir='ltr'>passi,</span> <span class='ocrx_word' id='word_1_336' title='bbox 467 2207 615 2254; x_wconf 78' lang='lat' dir='ltr'>benigno</span> <span class='ocrx_word' id='word_1_337' title='bbox 645 2211 891 2255; x_wconf 88' lang='lat' dir='ltr'>compacientes</span> <span class='ocrx_word' id='word_1_338' title='bbox 920 2208 1050 2253; x_wconf 70' lang='lat' dir='ltr'>all&#39;ectu7</span> <span class='ocrx_word' id='word_1_339' title='bbox 1081 2209 1216 2244; x_wconf 84' lang='lat' dir='ltr'>Cinibus</span> <span class='ocrx_word' id='word_1_340' title='bbox 1244 2213 1324 2257; x_wconf 87' lang='lat' dir='ltr'>ipsis</span> <span class='ocrx_word' id='word_1_341' title='bbox 1354 2224 1371 2245; x_wconf 88' lang='lat' dir='ltr'>a</span> <span class='ocrx_word' id='word_1_342' title='bbox 1401 2212 1566 2246; x_wconf 76' lang='lat' dir='ltr'>solutione</span> <span class='ocrx_word' id='word_1_343' title='bbox 1597 2212 1737 2256; x_wconf 69' lang='lat' dir='ltr'>Census.</span> <span class='ocrx_word' id='word_1_344' title='bbox 1767 2224 1864 2259; x_wconf 88' lang='lat' dir='ltr'>quem</span> <span class='ocrx_word' id='word_1_345' title='bbox 1888 2213 1992 2247; x_wconf 78' lang='lat' dir='ltr'>Nobis</span> 
     </span>
     <span class='ocr_line' id='line_1_30' title="bbox 122 2264 1990 2322; baseline 0.004 -22"><span class='ocrx_word' id='word_1_346' title='bbox 122 2266 163 2300; x_wconf 89' lang='lat' dir='ltr'>de</span> <span class='ocrx_word' id='word_1_347' title='bbox 190 2264 287 2302; x_wconf 87' lang='lat' dir='ltr'>bonis</span> <span class='ocrx_word' id='word_1_348' title='bbox 315 2270 377 2314; x_wconf 90' lang='lat' dir='ltr'>ipsi</span> <span class='ocrx_word' id='word_1_349' title='bbox 406 2267 535 2303; x_wconf 89' lang='lat' dir='ltr'>Ciuitati</span> <span class='ocrx_word' id='word_1_350' title='bbox 565 2269 817 2306; x_wconf 72' lang='lat' dir='ltr'>admensmaus.</span> <span class='ocrx_word' id='word_1_351' title='bbox 847 2274 879 2304; x_wconf 89' lang='lat' dir='ltr'>et</span> <span class='ocrx_word' id='word_1_352' title='bbox 907 2270 947 2304; x_wconf 85' lang='lat' dir='ltr'>ad</span> <span class='ocrx_word' id='word_1_353' title='bbox 977 2282 1051 2305; x_wconf 87' lang='lat' dir='ltr'>eam</span> <span class='ocrx_word' id='word_1_354' title='bbox 1080 2272 1318 2317; x_wconf 76' lang='lat' dir='ltr'>pertinentibus</span> <span class='ocrx_word' id='word_1_355' title='bbox 1347 2273 1478 2307; x_wconf 67' lang='lat' dir='ltr'>soluere</span> <span class='ocrx_word' id='word_1_356' title='bbox 1509 2277 1604 2322; x_wconf 68' lang='lat' dir='ltr'>annis</span> <span class='ocrx_word' id='word_1_357' title='bbox 1627 2274 1765 2319; x_wconf 65' lang='lat' dir='ltr'>singulis</span> <span class='ocrx_word' id='word_1_358' title='bbox 1789 2279 1990 2309; x_wconf 83' lang='lat' dir='ltr'>tenerentur.</span> 
     </span>
     <span class='ocr_line' id='line_1_31' title="bbox 121 2326 1990 2381; baseline 0.004 -19"><span class='ocrx_word' id='word_1_359' title='bbox 121 2332 153 2362; x_wconf 90' lang='lat' dir='ltr'>et</span> <span class='ocrx_word' id='word_1_360' title='bbox 182 2326 401 2363; x_wconf 84' lang='lat' dir='ltr'>Collectarum</span> <span class='ocrx_word' id='word_1_361' title='bbox 430 2341 489 2364; x_wconf 89' lang='lat' dir='ltr'>seu</span> <span class='ocrx_word' id='word_1_362' title='bbox 518 2333 737 2365; x_wconf 79' lang='lat' dir='ltr'>exaccionum</span> <span class='ocrx_word' id='word_1_363' title='bbox 768 2342 1061 2379; x_wconf 68' lang='lat' dir='ltr'>quarumcumque.</span> <span class='ocrx_word' id='word_1_364' title='bbox 1091 2344 1172 2378; x_wconf 88' lang='lat' dir='ltr'>quas</span> <span class='ocrx_word' id='word_1_365' title='bbox 1200 2344 1261 2368; x_wconf 87' lang='lat' dir='ltr'>nos</span> <span class='ocrx_word' id='word_1_366' title='bbox 1291 2333 1425 2368; x_wconf 71' lang='lat' dir='ltr'>Cinibus</span> <span class='ocrx_word' id='word_1_367' title='bbox 1454 2338 1535 2381; x_wconf 71' lang='lat' dir='ltr'>ipsis</span> <span class='ocrx_word' id='word_1_368' title='bbox 1558 2347 1630 2369; x_wconf 87' lang='lat' dir='ltr'>cnm</span> <span class='ocrx_word' id='word_1_369' title='bbox 1655 2336 1791 2369; x_wconf 86' lang='lat' dir='ltr'>aliarum</span> <span class='ocrx_word' id='word_1_370' title='bbox 1817 2336 1990 2370; x_wconf 73' lang='lat' dir='ltr'>Cinitatnm</span> 
     </span>
     <span class='ocr_line' id='line_1_32' title="bbox 122 2390 1991 2441; baseline 0.005 -19"><span class='ocrx_word' id='word_1_371' title='bbox 122 2393 311 2423; x_wconf 86' lang='lat' dir='ltr'>nostrarum</span> <span class='ocrx_word' id='word_1_372' title='bbox 345 2394 434 2425; x_wconf 90' lang='lat' dir='ltr'>terre</span> <span class='ocrx_word' id='word_1_373' title='bbox 467 2390 632 2435; x_wconf 76' lang='lat' dir='ltr'>Morauie.</span> <span class='ocrx_word' id='word_1_374' title='bbox 667 2392 801 2426; x_wconf 81' lang='lat' dir='ltr'>Ciuibus</span> <span class='ocrx_word' id='word_1_375' title='bbox 835 2396 1005 2439; x_wconf 85' lang='lat' dir='ltr'>continget</span> <span class='ocrx_word' id='word_1_376' title='bbox 1038 2396 1221 2440; x_wconf 65' lang='lat' dir='ltr'>imponere,</span> <span class='ocrx_word' id='word_1_377' title='bbox 1254 2396 1404 2441; x_wconf 80' lang='lat' dir='ltr'>generali</span> <span class='ocrx_word' id='word_1_378' title='bbox 1441 2401 1529 2430; x_wconf 91' lang='lat' dir='ltr'>terre</span> <span class='ocrx_word' id='word_1_379' title='bbox 1559 2396 1705 2431; x_wconf 86' lang='lat' dir='ltr'>Collecta</span> <span class='ocrx_word' id='word_1_380' title='bbox 1736 2397 1892 2431; x_wconf 79' lang='lat' dir='ltr'>duntaxat</span> <span class='ocrx_word' id='word_1_381' title='bbox 1923 2408 1991 2431; x_wconf 80' lang='lat' dir='ltr'>ex-</span> 
     </span>
     <span class='ocr_line' id='line_1_33' title="bbox 121 2450 1991 2499; baseline 0.004 -16"><span class='ocrx_word' id='word_1_382' title='bbox 121 2454 229 2496; x_wconf 77' lang='lat' dir='ltr'>cepta.</span> <span class='ocrx_word' id='word_1_383' title='bbox 259 2450 389 2496; x_wconf 85' lang='lat' dir='ltr'>plenam</span> <span class='ocrx_word' id='word_1_384' title='bbox 419 2463 437 2486; x_wconf 92' lang='lat' dir='ltr'>a</span> <span class='ocrx_word' id='word_1_385' title='bbox 467 2452 540 2486; x_wconf 88' lang='lat' dir='ltr'>data</span> <span class='ocrx_word' id='word_1_386' title='bbox 570 2456 780 2499; x_wconf 84' lang='lat' dir='ltr'>presencium</span> <span class='ocrx_word' id='word_1_387' title='bbox 809 2453 849 2488; x_wconf 85' lang='lat' dir='ltr'>ad</span> <span class='ocrx_word' id='word_1_388' title='bbox 879 2453 950 2488; x_wconf 78' lang='lat' dir='ltr'>Sex</span> <span class='ocrx_word' id='word_1_389' title='bbox 979 2455 1098 2489; x_wconf 75' lang='lat' dir='ltr'>Annos</span> <span class='ocrx_word' id='word_1_390' title='bbox 1127 2457 1352 2490; x_wconf 73' lang='lat' dir='ltr'>numerandos</span> <span class='ocrx_word' id='word_1_391' title='bbox 1383 2461 1538 2491; x_wconf 85' lang='lat' dir='ltr'>continue</span> <span class='ocrx_word' id='word_1_392' title='bbox 1581 2458 1695 2492; x_wconf 85' lang='lat' dir='ltr'>damus</span> <span class='ocrx_word' id='word_1_393' title='bbox 1722 2463 1752 2492; x_wconf 87' lang='lat' dir='ltr'>et</span> <span class='ocrx_word' id='word_1_394' title='bbox 1777 2458 1991 2492; x_wconf 74' lang='lat' dir='ltr'>concedimus</span> 
     </span>
     <span class='ocr_line' id='line_1_34' title="bbox 122 2510 1988 2565; baseline 0.005 -21"><span class='ocrx_word' id='word_1_395' title='bbox 122 2510 316 2546; x_wconf 85' lang='lat' dir='ltr'>libertatem.</span> <span class='ocrx_word' id='word_1_396' title='bbox 346 2511 472 2548; x_wconf 87' lang='lat' dir='ltr'>Dantes</span> <span class='ocrx_word' id='word_1_397' title='bbox 501 2525 601 2561; x_wconf 88' lang='lat' dir='ltr'>super</span> <span class='ocrx_word' id='word_1_398' title='bbox 630 2514 692 2549; x_wconf 86' lang='lat' dir='ltr'>hoc</span> <span class='ocrx_word' id='word_1_399' title='bbox 722 2518 753 2549; x_wconf 91' lang='lat' dir='ltr'>in</span> <span class='ocrx_word' id='word_1_400' title='bbox 783 2518 1004 2550; x_wconf 78' lang='lat' dir='ltr'>testimonium</span> <span class='ocrx_word' id='word_1_401' title='bbox 1034 2521 1208 2562; x_wconf 88' lang='lat' dir='ltr'>presentes</span> <span class='ocrx_word' id='word_1_402' title='bbox 1237 2517 1347 2552; x_wconf 81' lang='lat' dir='ltr'>literas</span> <span class='ocrx_word' id='word_1_403' title='bbox 1378 2524 1490 2553; x_wconf 81' lang='lat' dir='ltr'>nostro</span> <span class='ocrx_word' id='word_1_404' title='bbox 1520 2524 1652 2553; x_wconf 78' lang='lat' dir='ltr'>secreto</span> <span class='ocrx_word' id='word_1_405' title='bbox 1689 2520 1806 2565; x_wconf 41' lang='lat' dir='ltr'>¹&amp;igillo</span> <span class='ocrx_word' id='word_1_406' title='bbox 1836 2522 1988 2553; x_wconf 86' lang='lat' dir='ltr'>munitas.</span> 
     </span>
     <span class='ocr_line' id='line_1_35' title="bbox 120 2571 1991 2626; baseline 0.005 -21"><span class='ocrx_word' id='word_1_407' title='bbox 120 2571 240 2606; x_wconf 88' lang='lat' dir='ltr'>Datum</span> <span class='ocrx_word' id='word_1_408' title='bbox 270 2575 301 2606; x_wconf 89' lang='lat' dir='ltr'>in</span> <span class='ocrx_word' id='word_1_409' title='bbox 331 2572 456 2619; x_wconf 81' lang='lat' dir='ltr'>lglauia</span> <span class='ocrx_word' id='word_1_410' title='bbox 485 2575 585 2609; x_wconf 90' lang='lat' dir='ltr'>Anno</span> <span class='ocrx_word' id='word_1_411' title='bbox 614 2575 736 2610; x_wconf 89' lang='lat' dir='ltr'>domini</span> <span class='ocrx_word' id='word_1_412' title='bbox 759 2575 934 2611; x_wconf 83' lang='lat' dir='ltr'>Millesimo</span> <span class='ocrx_word' id='word_1_413' title='bbox 964 2576 1215 2613; x_wconf 87' lang='lat' dir='ltr'>Trecentesimo</span> <span class='ocrx_word' id='word_1_414' title='bbox 1240 2578 1401 2626; x_wconf 90' lang='lat' dir='ltr'>Septimo.</span> <span class='ocrx_word' id='word_1_415' title='bbox 1419 2579 1474 2614; x_wconf 87' lang='lat' dir='ltr'>Vl.</span> <span class='ocrx_word' id='word_1_416' title='bbox 1506 2580 1581 2614; x_wconf 81' lang='lat' dir='ltr'>Idus</span> <span class='ocrx_word' id='word_1_417' title='bbox 1605 2580 1814 2614; x_wconf 77' lang='lat' dir='ltr'>Nouembris.</span> <span class='ocrx_word' id='word_1_418' title='bbox 1846 2580 1991 2626; x_wconf 81' lang='lat' dir='ltr'>Regno-</span> 
     </span>
     <span class='ocr_line' id='line_1_36' title="bbox 122 2636 676 2671; baseline 0.007 -4"><span class='ocrx_word' id='word_1_419' title='bbox 122 2644 192 2667; x_wconf 90' lang='lat' dir='ltr'>rum</span> <span class='ocrx_word' id='word_1_420' title='bbox 221 2639 410 2668; x_wconf 87' lang='lat' dir='ltr'>nostrorum</span> <span class='ocrx_word' id='word_1_421' title='bbox 440 2646 528 2670; x_wconf 88' lang='lat' dir='ltr'>anno</span> <span class='ocrx_word' id='word_1_422' title='bbox 556 2636 676 2671; x_wconf 89' lang='lat' dir='ltr'>Primo.</span> 
     </span>
    </p>
   </div>
   <div class='ocr_carea' id='block_1_5' title="bbox 434 2715 1781 2755">
    <p class='ocr_par' dir='ltr' id='par_1_5' title="bbox 434 2715 1781 2755">
     <span class='ocr_line' id='line_1_37' title="bbox 434 2715 1781 2755; baseline 0.004 -13"><span class='ocrx_word' id='word_1_423' title='bbox 434 2715 521 2749; x_wconf 68' lang='lat' dir='ltr'>cong.</span> <span class='ocrx_word' id='word_1_424' title='bbox 548 2717 692 2743; x_wconf 79' lang='lat' dir='ltr'>membran.</span> <span class='ocrx_word' id='word_1_425' title='bbox 718 2726 775 2744; x_wconf 89' lang='lat' dir='ltr'>cum</span> <span class='ocrx_word' id='word_1_426' title='bbox 800 2717 893 2752; x_wconf 78' lang='lat' dir='ltr'>sigillo</span> <span class='ocrx_word' id='word_1_427' title='bbox 916 2726 1000 2753; x_wconf 73' lang='lat' dir='ltr'>parvo</span> <span class='ocrx_word' id='word_1_428' title='bbox 1025 2719 1093 2746; x_wconf 86' lang='lat' dir='ltr'>bene</span> <span class='ocrx_word' id='word_1_429' title='bbox 1118 2723 1282 2747; x_wconf 76' lang='lat' dir='ltr'>conservato</span> <span class='ocrx_word' id='word_1_430' title='bbox 1305 2720 1331 2747; x_wconf 87' lang='lat' dir='ltr'>in</span> <span class='ocrx_word' id='word_1_431' title='bbox 1358 2720 1468 2747; x_wconf 76' lang='lat' dir='ltr'>archivo</span> <span class='ocrx_word' id='word_1_432' title='bbox 1493 2721 1613 2755; x_wconf 69' lang='lat' dir='ltr'>ejusdem</span> <span class='ocrx_word' id='word_1_433' title='bbox 1640 2720 1781 2753; x_wconf 72' lang='lat' dir='ltr'>civitatis.)</span> 
     </span>
    </p>
   </div>
   <div class='ocr_carea' id='block_1_6' title="bbox 1741 2772 1782 2802">
    <p class='ocr_par' dir='ltr' id='par_1_6' title="bbox 1741 2772 1782 2802">
     <span class='ocr_line' id='line_1_38' title="bbox 1741 2772 1782 2794; baseline 0.024 -10"><span class='ocrx_word' id='word_1_434' title='bbox 1741 2772 1782 2794; x_wconf 58' lang='lat'>9*</span> 
     </span>
     <span class='ocr_line' id='line_1_39' title="bbox 1743 2795 1759 2802; baseline 0 -1"><span class='ocrx_word' id='word_1_435' title='bbox 1743 2795 1759 2802; x_wconf 55' lang='grc' dir='ltr'>ψ</span> 
     </span>
    </p>
   </div>
  </div>
 </body>
</html>
