2325 2941
1195 111 1268 146 304

299 235 474 279 pecuniam
503 239 673 276 separare.
703 227 747 262 Vt
774 230 875 273 igitur
902 226 998 261 huius
1026 226 1222 260 donacionis
1251 230 1283 259 et
1310 227 1572 269 consHtucionis,
1607 227 1807 269 testamenti,
1835 224 1938 259 robur
1966 228 2163 271 perpetuum

299 293 420 327 habeat
448 292 618 333 firmitatis„
654 292 761 323 eciam
789 291 873 323 sicut
910 287 972 322 hec
1001 287 1143 321 donacio
1172 290 1255 321 iuste
1283 286 1371 320 facta
1400 290 1462 329 est7
1497 289 1546 320 sic
1574 296 1649 320 eam
1677 289 1793 320 contra
1822 289 1966 320 omnium
1994 286 2164 320 hominum

300 354 537 398 malignitatem
561 350 685 384 habere
706 350 860 384 volumus
889 349 1038 384 stabilem
1061 348 1257 382 firmitatem.
1287 347 1324 381 In
1352 346 1448 381 huius
1469 349 1518 381 rei
1546 349 1767 381 testimonium
1786 351 1977 392 presentem
2004 349 2163 392 paginam

299 418 458 461 perpetuo
495 412 670 446 valituram
710 413 816 445 nostri
853 410 959 455 Sigilli
987 409 1123 451 robore,
1169 419 1327 442 necnon
1362 411 1498 442 istorum
1538 407 1696 442 nobilium
1724 406 1942 441 Dominorum
1979 408 2163 452 sigillorum

299 477 501 520 appensione
543 473 696 506 duximus
738 475 981 516 consignatam.
1037 470 1156 504 Testes
1197 481 1258 515 per
1298 471 1548 515 apposicionem
1589 468 1773 513 sigillorum
1814 478 1948 503 suorum
1990 473 2065 502 sunt
2104 468 2162 513 hij,

298 535 458 569 Dominus
487 534 665 567 Heinricus
694 533 734 567 de
762 532 876 579 Lypa„
913 531 1113 578 Capitaneus
1143 531 1358 565 Serenissimi
1385 532 1476 575 regis
1500 529 1661 564 Boliemie
1691 528 1912 574 Summusque
1940 528 2161 573 Mai-chalcus,

298 596 458 630 Dominus
487 594 658 629 Joliannes
687 594 727 628 (le
761 593 855 639 Lypa
886 592 1087 639 Capitaneus
1115 591 1282 635 Morauie7
1318 591 1480 625 Dominus
1508 590 1692 634 Hal-tlibus7
1729 590 1959 627 Camerarius..
2000 589 2163 626 Dominus

295 657 467 691 Joliannes
501 656 541 690 de
584 655 748 698 Crabarn„
782 655 945 688 Dominus
988 653 1180 687 Gerliardus
1222 652 1262 686 de
1303 652 1464 695 Kvnstat,
1502 651 1665 685 Dominus
1706 651 1788 685 Poto
1829 650 1870 684 de
1910 649 2162 695 Wildenbereh‚

296 718 458 751 Dominus
487 717 593 761 ZmJ'lo
623 716 662 750 de
691 715 930 761 Primyslavia⁷
960 719 992 748 et
1025 714 1138 760 plures
1180 713 1232 758 alij
1262 712 1326 747 fide
1359 713 1461 758 digni.
1491 712 1612 746 Datum
1650 716 1681 746 et
1711 717 1819 746 actum
1853 711 1989 746 Brunne
2016 716 2164 758 tempore

299 779 407 824 placiti
441 778 621 823 generalis„
643 777 744 811 Anno
773 777 905 810 Domini
937 775 982 810 M.
1001 774 1093 810 CCC.
1111 774 1239 809 XXXO.
1274 773 1348 808 VIO.
1378 773 1547 808 Kalendas
1563 773 1746 818 Februarij.

611 856 698 893 [Orig.
724 856 868 882 membran.
895 864 953 882 cum
977 855 1045 882 Vlll.
1070 854 1160 889 parvis
1185 853 1293 888 sigillis,
1324 862 1338 880 e
1363 853 1457 888 quihus
1489 853 1608 880 ultimum
1633 853 1753 879 avulsum
1777 856 1829 886 est,
1854 852 1879 878 in
1909 852 2019 878 archivo
2043 851 2163 887 ejusdem

716 907 873 935 monasterii
908 907 976 942 apud
1011 907 1040 934 C.
1077 907 1106 934 P..
1143 906 1259 933 Guliern.
1291 906 1383 933 Brunae
1418 906 1466 932 sub
1507 905 1546 933 lit.
1584 906 1617 932 A.
1655 905 1700 932 Vl.
1744 914 1769 932 n.
1807 904 1878 932 200.
1911 905 2061 931 Excussum
2094 904 2163 939 apud

712 961 867 988 Steinbacli.
893 960 923 987 ll.
948 969 975 995 p.
1002 960 1067 994 (30.)

1127 1054 1331 1089 CCCXCVI.

301 1129 551 1162 Testanwnlmn
587 1128 773 1162 Richards.
812 1127 1045 1161 Olomueensis
1072 1127 1208 1164 ‹ricco-522
1244 1136 1348 1170 snper
1382 1123 1491 1159 {ribus
1528 1125 1653 1158 mareis
1689 1125 1722 1157 in
1746 1134 1858 1168 parvo
1888 1122 2003 1157 Senio.
2039 1122 2099 1157 Dt.
2130 1124 2164 1156 in

751 1189 911 1223 Olomucz
936 1189 1028 1232 feria
1058 1187 1105 1221 II.
1135 1190 1217 1220 ante
1248 1186 1400 1220 Oetaeas
1428 1186 1574 1220 Paseleoe
1605 1185 1715 1219 1330.

467 1257 677 1311 Bit-bardus
707 1276 939 1310 olomucensis
968 1275 1111 1309 ecclesie
1140 1277 1286 1309 vicarius
1319 1296 1360 1298 —
1392 1284 1643 1319 recognoscens
1672 1284 1724 1307 me
1753 1284 1772 1306 a
1800 1274 2005 1306 monasterio
2034 1274 2165 1306 sancti-

295 1338 485 1372 monialium
528 1342 559 1372 in
595 1338 781 1381 Osslawia7
824 1338 963 1383 plurima
999 1336 1161 1370 beneficia
1204 1338 1378 1369 retroactis
1413 1334 1617 1381 temporibus
1659 1336 1830 1380 recepisse
1868 1354 1910 1357 ——
1947 1332 1989 1367 oh
2025 1333 2164 1367 salutem

295 1402 404 1433 anime
441 1411 514 1433 mee
547 1421 587 1423 —
622 1399 761 1445 dispono
793 1420 834 1423 ω
868 1398 953 1444 qnod
991 1402 1065 1444 post
1098 1401 1236 1431 mortem
1271 1408 1379 1430 ineam
1414 1406 1501 1429 anno
1530 1395 1677 1441 quolibet
1711 1406 1770 1441 pro
1806 1397 2037 1428 anniuersario
2066 1393 2163 1428 michi

295 1472 354 1506 per
402 1461 534 1498 vigilias
575 1463 669 1493 trium
709 1460 895 1493 leccionum
935 1464 964 1492 et
1003 1461 1137 1492 missam
1186 1457 1415 1492 defunctorum
1452 1460 1483 1491 in
1519 1456 1606 1490 dicto
1642 1458 1845 1491 monasterio
1877 1477 1919 1480 —
1953 1454 2085 1500 agendo
2117 1475 2159 1479 -

295 1522 415 1555 Custos
445 1522 677 1555 (iloimwensis
710 1541 753 1545 —
786 1521 825 1554 de
854 1520 1033 1554 redditibus
1063 1520 1144 1553 duas
1173 1524 1205 1553 et
1239 1519 1381 1553 mediam
1409 1529 1540 1552 marcas
1569 1521 1601 1552 in
1630 1518 1707 1552 villa
1738 1528 1842 1563 paruo
1872 1516 1994 1551 Senicz
2022 1527 2083 1562 per
2110 1527 2164 1550 me

293 1587 421 1628 emptas
455 1604 496 1607 —
529 1582 607 1615 dare
650 1582 781 1616 domine
809 1581 991 1615 Abbatisse
1033 1586 1065 1615 et
1098 1580 1283 1614 Uonuentui
1316 1591 1377 1626 pro
1418 1582 1562 1625 pitancia
1596 1579 1745 1613 eiusdem
1787 1578 1852 1612 (lici
1880 1577 1999 1612 LXIV.
2034 1589 2085 1623 gr.
2115 1579 2164 1611 sic

295 1643 462 1677 abbatisse
490 1643 579 1677 vlu.
616 1655 666 1687 (gr.
706 1643 837 1677 cedant.
879 1643 1048 1676 residuum
1083 1644 1168 1675 inter
1203 1652 1338 1676 sorores
1371 1662 1413 1665 —
1446 1640 1619 1675 diuidatur.
1656 1640 1814 1685 Reliquas
1850 1639 1985 1673 alteram
2022 1638 2161 1672 inediam

296 1716 425 1738 marcas
455 1707 524 1750 ipse
553 1709 664 1739 eustos
694 1704 927 1738 otmunt-ensis
956 1715 1014 1750 pro
1037 1705 1268 1737 anniuersario
1297 1713 1372 1736 ineo
1394 1705 1427 1736 in
1455 1702 1599 1737 ecclesia
1622 1701 1837 1735 Oltmiucensi
1859 1721 1901 1724 —
1927 1699 2096 1733 distribuet
2116 1719 2157 1722 —

295 1765 354 1799 sub
384 1765 500 1810 sigillis
528 1765 708 1799 Jenczonis
738 1765 854 1799 decani
885 1765 1048 1799 Sboronis
1077 1766 1234 1811 prepositi
1263 1768 1294 1797 et
1322 1774 1397 1797 meo
1423 1784 1464 1787 ——
1489 1763 1611 1797 Actum
1640 1765 1672 1796 ln
1702 1762 1862 1796 Olomucz
1890 1758 2162 1795 MOCCCOXXXO

296 1826 377 1859 feria
407 1826 446 1860 11·
476 1831 551 1860 ante
580 1831 717 1861 oetauas
746 1826 862 1861 Pasce.

606 1906 657 1935 (lix
684 1905 808 1940 originali
834 1906 858 1932 in
883 1905 993 1932 archivo
1017 1905 1126 1940 capituli
1151 1904 1338 1932 Oloniucensis
1364 1907 1505 1931 asservato
1530 1903 1646 1930 extraxit
1672 1904 1734 1930 Ant.
1759 1902 1888 1938 Boczek.)

1115 2017 1335 2053 CCCXCYII.

296 2087 489 2121 Alilmtissa
517 2091 549 2121 el
579 2092 762 2122 eom-eulas-
791 2091 994 2123 mamas-terii
1020 2089 1058 2123 S.
1093 2089 1207 2123 Claroe
1236 2088 1397 2132 Zao-astute
1425 2091 1536 2122 emunt
1565 2087 1681 2121 villam
1716 2084 1852 2122 lVrln'ee
1880 2083 1924 2117 (11)
1954 2084 2091 2128 ΛῃηθΙε
2119 2084 2162 2119 (Ie

637 2149 869 2195 illet'aeleultery.
900 2151 1027 2184 Datum
1058 2150 1219 2195 Zitogsmae
1247 2149 1386 2184 Xt'lll.
1419 2149 1564 2183 Kalend.
1594 2148 1684 2192 Majc'
1712 2146 1822 2180 13:30.

468 2216 558 2270 ⁴xes
595 2235 712 2270 Clu-isti
749 2238 879 2281 ancilla,
914 2238 1019 2272 Soror
1053 2237 1244 2281 Margareta
1274 2236 1453 2273 abbatissa.
1484 2236 1652 2280 'fetusque
1682 2232 1874 2267 Conuentus
1910 2232 2071 2267 Sororum
2099 2243 2161 2266 or-

295 2297 378 2331 dinis
407 2301 523 2331 sanete
553 2296 650 2330 Clare
679 2300 710 2330 in
740 2297 892 2343 Znoyma
921 2303 1033 2332 notum
1063 2299 1204 2332 facimus
1232 2301 1400 2332 vniuersis
1429 2309 1489 2343 per
1512 2299 1684 2342 presentes
1707 2294 1793 2339 quod
1817 2294 2001 2329 venerabili
2028 2293 2161 2328 domine

296 2358 419 2401 Agneti
450 2358 490 2392 de
518 2357 738 2392 Meidenbnrk
768 2358 895 2392 Relicto
937 2360 1103 2404 (piendam
1133 2359 1254 2393 (timiini
1285 2359 1445 2393 llinconis
1474 2358 1514 2391 de
1542 2355 1637 2390 Duba
1674 2360 1748 2389 tnnc
1778 2355 1932 2399 seculari,
1962 2366 2050 2389 nune
2077 2365 2161 2390 vero

296 2422 402 2453 soi-ori
441 2423 554 2453 nostre
596 2419 773 2453 karissime
810 2431 868 2465 pro
904 2420 998 2454 bonis
1028 2420 1171 2465 dotalieij
1215 2423 1265 2454 sui
1294 2420 1413 2453 habitis
1443 2422 1474 2452 in
1501 2416 1652 2451 Wirbicz
1682 2417 1757 2450 villa
1788 2417 1926 2459 soi-cusi,
1956 2427 2020 2462 que
2049 2415 2091 2450 ab
2120 2426 2161 2450 ea

296 2483 434 2513 emimus
463 2482 533 2513 iure
562 2480 772 2514 Ilereditario
802 2492 860 2526 pro
890 2484 1046 2515 trecentis
1076 2486 1107 2516 et
1136 2481 1204 2515 XL.
1229 2484 1349 2515 mareis
1364 2479 1524 2513 Morauiei
1544 2477 1702 2511 l'onderis
1724 2481 1901 2523 sexaginta
1924 2477 1996 2512 llll.
2021 2487 2161 2523 grossos

295 2552 428 2586 ¹semper
456 2553 515 2587 pro
544 2541 689 2586 (pialibct
717 2553 828 2575 mai-ca
859 2542 1083 2587 conputandm
1113 2543 1153 2576 de
1183 2542 1300 2588 quibus
1329 2544 1393 2575 iani
1422 2542 1591 2581 octoginta
1621 2550 1752 2573 mareas
1782 2539 2012 2585 persoluinnis„
2042 2542 2075 2572 et
2101 2536 2159 2572 XL

297 2611 427 2635 mareas
469 2613 556 2636 nunc
591 2605 622 2636 in
665 2602 750 2637 sesto
796 2605 899 2637 saneti
936 2602 1072 2647 Gom-gij
1117 2606 1260 2637 martiris
1302 2605 1452 2648 proxime
1480 2605 1623 2635 venturo
1662 2601 1857 2647 persoluere
1889 2601 2156 2646 repromittimus.
