<?xml version="1.0" encoding="UTF-8"?>
<!DOCTYPE html PUBLIC "-//W3C//DTD XHTML 1.0 Transitional//EN"
    "http://www.w3.org/TR/xhtml1/DTD/xhtml1-transitional.dtd">
<html xmlns="http://www.w3.org/1999/xhtml" xml:lang="en" lang="en">
 <head>
  <title>
</title>
<meta http-equiv="Content-Type" content="text/html;charset=utf-8" />
  <meta name='ocr-system' content='tesseract 3.04.00' />
  <meta name='ocr-capabilities' content='ocr_page ocr_carea ocr_par ocr_line ocrx_word'/>
</head>
<body>
  <div class='ocr_page' id='page_1' title='image "./codexdiplomaticu06morauoft_0179.png"; bbox 0 0 2341 3005; ppageno 0'>
   <div class='ocr_carea' id='block_1_1' title="bbox 1059 147 1134 183">
    <p class='ocr_par' dir='ltr' id='par_1_1' title="bbox 1059 147 1134 183">
     <span class='ocr_line' id='line_1_1' title="bbox 1059 147 1134 183; baseline 0.013 -1"><span class='ocrx_word' id='word_1_1' title='bbox 1059 147 1134 183; x_wconf 88' lang='lat'>107</span> 
     </span>
    </p>
   </div>
   <div class='ocr_carea' id='block_1_2' title="bbox 156 262 2041 373">
    <p class='ocr_par' dir='ltr' id='par_1_2' title="bbox 156 262 2041 373">
     <span class='ocr_line' id='line_1_2' title="bbox 156 262 2041 311; baseline 0.003 -13"><span class='ocrx_word' id='word_1_2' title='bbox 156 275 233 299; x_wconf 89' lang='lat' dir='ltr'>eam</span> <span class='ocrx_word' id='word_1_3' title='bbox 261 263 369 298; x_wconf 87' lang='lat' dir='ltr'>facias</span> <span class='ocrx_word' id='word_1_4' title='bbox 397 262 466 307; x_wconf 63' lang='lat' dir='ltr'>ubi,</span> <span class='ocrx_word' id='word_1_5' title='bbox 497 267 529 298; x_wconf 88' lang='lat' dir='ltr'>et</span> <span class='ocrx_word' id='word_1_6' title='bbox 557 263 691 309; x_wconf 90' lang='lat' dir='ltr'>quando</span> <span class='ocrx_word' id='word_1_7' title='bbox 732 262 895 309; x_wconf 77' lang='lat' dir='ltr'>expedire</span> <span class='ocrx_word' id='word_1_8' title='bbox 929 263 1065 307; x_wconf 81' lang='lat' dir='ltr'>uideris,</span> <span class='ocrx_word' id='word_1_9' title='bbox 1108 274 1214 309; x_wconf 90' lang='lat' dir='ltr'>usque</span> <span class='ocrx_word' id='word_1_10' title='bbox 1242 262 1283 296; x_wconf 88' lang='lat' dir='ltr'>ad</span> <span class='ocrx_word' id='word_1_11' title='bbox 1313 262 1582 299; x_wconf 77' lang='lat' dir='ltr'>satisfaccionem</span> <span class='ocrx_word' id='word_1_12' title='bbox 1613 265 1818 311; x_wconf 82' lang='lat' dir='ltr'>condignam</span> <span class='ocrx_word' id='word_1_13' title='bbox 1847 266 2041 303; x_wconf 88' lang='lat' dir='ltr'>solemniter</span> 
     </span>
     <span class='ocr_line' id='line_1_3' title="bbox 156 323 1749 373; baseline 0.001 -14"><span class='ocrx_word' id='word_1_14' title='bbox 156 324 331 373; x_wconf 87' lang='lat' dir='ltr'>publicari.</span> <span class='ocrx_word' id='word_1_15' title='bbox 361 324 483 359; x_wconf 89' lang='lat' dir='ltr'>Datum</span> <span class='ocrx_word' id='word_1_16' title='bbox 513 325 684 359; x_wconf 89' lang='lat' dir='ltr'>Auinione</span> <span class='ocrx_word' id='word_1_17' title='bbox 713 323 771 358; x_wconf 88' lang='lat' dir='ltr'>lv.</span> <span class='ocrx_word' id='word_1_18' title='bbox 801 323 919 359; x_wconf 74' lang='lat' dir='ltr'>Nonas</span> <span class='ocrx_word' id='word_1_19' title='bbox 947 323 1041 370; x_wconf 72' lang='lat' dir='ltr'>Maij‚</span> <span class='ocrx_word' id='word_1_20' title='bbox 1071 324 1286 360; x_wconf 87' lang='lat' dir='ltr'>Pontificatus</span> <span class='ocrx_word' id='word_1_21' title='bbox 1314 328 1419 360; x_wconf 81' lang='lat' dir='ltr'>nostri</span> <span class='ocrx_word' id='word_1_22' title='bbox 1447 325 1549 360; x_wconf 88' lang='lat' dir='ltr'>Anno</span> <span class='ocrx_word' id='word_1_23' title='bbox 1579 325 1749 362; x_wconf 90' lang='lat' dir='ltr'>Secundo.</span> 
     </span>
    </p>
   </div>
   <div class='ocr_carea' id='block_1_3' title="bbox 470 403 1886 440">
    <p class='ocr_par' dir='ltr' id='par_1_3' title="bbox 470 403 1886 440">
     <span class='ocr_line' id='line_1_4' title="bbox 470 403 1886 440; baseline 0.003 -8"><span class='ocrx_word' id='word_1_24' title='bbox 470 404 623 440; x_wconf 79' lang='lat' dir='ltr'>(originale</span> <span class='ocrx_word' id='word_1_25' title='bbox 647 403 794 431; x_wconf 78' lang='lat' dir='ltr'>membran.</span> <span class='ocrx_word' id='word_1_26' title='bbox 821 412 879 431; x_wconf 89' lang='lat' dir='ltr'>cum</span> <span class='ocrx_word' id='word_1_27' title='bbox 904 404 976 431; x_wconf 85' lang='lat' dir='ltr'>bulla</span> <span class='ocrx_word' id='word_1_28' title='bbox 1000 404 1125 440; x_wconf 83' lang='lat' dir='ltr'>plumbea</span> <span class='ocrx_word' id='word_1_29' title='bbox 1151 404 1177 431; x_wconf 88' lang='lat' dir='ltr'>in</span> <span class='ocrx_word' id='word_1_30' title='bbox 1201 404 1313 432; x_wconf 84' lang='lat' dir='ltr'>archivo</span> <span class='ocrx_word' id='word_1_31' title='bbox 1338 403 1460 433; x_wconf 80' lang='lat' dir='ltr'>civitatis</span> <span class='ocrx_word' id='word_1_32' title='bbox 1483 405 1640 440; x_wconf 72' lang='lat' dir='ltr'>Brunensis,</span> <span class='ocrx_word' id='word_1_33' title='bbox 1665 408 1695 434; x_wconf 88' lang='lat'>0.</span> <span class='ocrx_word' id='word_1_34' title='bbox 1721 407 1741 435; x_wconf 90' lang='lat'>1.</span> <span class='ocrx_word' id='word_1_35' title='bbox 1767 416 1794 435; x_wconf 92' lang='lat' dir='ltr'>n.</span> <span class='ocrx_word' id='word_1_36' title='bbox 1824 407 1886 440; x_wconf 70' lang='lat'>18.)</span> 
     </span>
    </p>
   </div>
   <div class='ocr_carea' id='block_1_4' title="bbox 1011 517 1183 553">
    <p class='ocr_par' dir='ltr' id='par_1_4' title="bbox 1011 517 1183 553">
     <span class='ocr_line' id='line_1_5' title="bbox 1011 517 1183 553; baseline 0 0"><span class='ocrx_word' id='word_1_37' title='bbox 1011 517 1183 553; x_wconf 83' lang='lat' dir='ltr'>CXXXV.</span> 
     </span>
    </p>
   </div>
   <div class='ocr_carea' id='block_1_5' title="bbox 152 592 2038 701">
    <p class='ocr_par' dir='ltr' id='par_1_5' title="bbox 152 592 2038 701">
     <span class='ocr_line' id='line_1_6' title="bbox 162 592 2038 646; baseline 0.003 -18"><span class='ocrx_word' id='word_1_38' title='bbox 162 593 356 639; x_wconf 69' lang='lat' dir='ltr'>Conrado-5¹,</span> <span class='ocrx_word' id='word_1_39' title='bbox 386 595 568 640; x_wconf 76' lang='lat' dir='ltr'>episcopus</span> <span class='ocrx_word' id='word_1_40' title='bbox 598 592 835 627; x_wconf 73' lang='lat' dir='ltr'>olomucensis</span> <span class='ocrx_word' id='word_1_41' title='bbox 872 597 906 627; x_wconf 75' lang='lat' dir='ltr'>et</span> <span class='ocrx_word' id='word_1_42' title='bbox 934 593 1105 628; x_wconf 67' lang='lat' dir='ltr'>Maraciae</span> <span class='ocrx_word' id='word_1_43' title='bbox 1139 596 1355 639; x_wconf 62' lang='lat' dir='ltr'>capitanea-⁹,</span> <span class='ocrx_word' id='word_1_44' title='bbox 1393 597 1528 640; x_wconf 77' lang='lat' dir='ltr'><em>confert</em></span> <span class='ocrx_word' id='word_1_45' title='bbox 1569 596 1727 641; x_wconf 59' lang='lat' dir='ltr'>{Vol-oui,</span> <span class='ocrx_word' id='word_1_46' title='bbox 1758 599 1833 643; x_wconf 75' lang='lat' dir='ltr'>filio</span> <span class='ocrx_word' id='word_1_47' title='bbox 1868 601 2038 646; x_wconf 76' lang='lat' dir='ltr'>quondam</span> 
     </span>
     <span class='ocr_line' id='line_1_7' title="bbox 152 654 2030 701; baseline 0.003 -11"><span class='ocrx_word' id='word_1_48' title='bbox 152 655 270 700; x_wconf 72' lang='lat' dir='ltr'>Pauli,</span> <span class='ocrx_word' id='word_1_49' title='bbox 300 656 490 690; x_wconf 79' lang='lat' dir='ltr'>camerarii</span> <span class='ocrx_word' id='word_1_50' title='bbox 514 654 697 699; x_wconf 71' lang='lat' dir='ltr'>Mor-avite,</span> <span class='ocrx_word' id='word_1_51' title='bbox 726 654 844 689; x_wconf 66' lang='lat' dir='ltr'>villam</span> <span class='ocrx_word' id='word_1_52' title='bbox 873 655 1072 690; x_wconf 63' lang='lat' dir='ltr'>Kr’e&#39;i-onv&#39;ce</span> <span class='ocrx_word' id='word_1_53' title='bbox 1100 657 1132 690; x_wconf 82' lang='lat' dir='ltr'>in</span> <span class='ocrx_word' id='word_1_54' title='bbox 1159 657 1308 701; x_wconf 76' lang='lat' dir='ltr'>seudum.</span> <span class='ocrx_word' id='word_1_55' title='bbox 1338 656 1400 691; x_wconf 71' lang='lat' dir='ltr'>Dc.</span> <span class='ocrx_word' id='word_1_56' title='bbox 1431 659 1465 691; x_wconf 81' lang='lat' dir='ltr'>in</span> <span class='ocrx_word' id='word_1_57' title='bbox 1497 657 1650 693; x_wconf 80' lang='lat' dir='ltr'>Cremsz&#39;r</span> <span class='ocrx_word' id='word_1_58' title='bbox 1683 660 1764 693; x_wconf 80' lang='lat' dir='ltr'>Kal.</span> <span class='ocrx_word' id='word_1_59' title='bbox 1794 660 1892 695; x_wconf 61' lang='lat' dir='ltr'>tlunii</span> <span class='ocrx_word' id='word_1_60' title='bbox 1919 661 2030 696; x_wconf 84' lang='lat'><em>1318.</em></span> 
     </span>
    </p>
   </div>
   <div class='ocr_carea' id='block_1_6' title="bbox 133 741 2038 2472">
    <p class='ocr_par' dir='ltr' id='par_1_6' title="bbox 133 741 2038 2472">
     <span class='ocr_line' id='line_1_8' title="bbox 325 741 2038 811; baseline 0.004 -15"><span class='ocrx_word' id='word_1_61' title='bbox 325 741 416 796; x_wconf 76' lang='lat' dir='ltr'>Nos</span> <span class='ocrx_word' id='word_1_62' title='bbox 445 759 623 796; x_wconf 87' lang='lat' dir='ltr'>Conradus</span> <span class='ocrx_word' id='word_1_63' title='bbox 653 760 705 795; x_wconf 82' lang='lat' dir='ltr'>dei</span> <span class='ocrx_word' id='word_1_64' title='bbox 746 763 855 806; x_wconf 80' lang='lat' dir='ltr'>gratia</span> <span class='ocrx_word' id='word_1_65' title='bbox 885 763 1065 808; x_wconf 89' lang='lat' dir='ltr'>episcopus</span> <span class='ocrx_word' id='word_1_66' title='bbox 1109 761 1355 806; x_wconf 59' lang='lat' dir='ltr'>Olomucensis„</span> <span class='ocrx_word' id='word_1_67' title='bbox 1385 762 1429 797; x_wconf 83' lang='lat' dir='ltr'>M.</span> <span class='ocrx_word' id='word_1_68' title='bbox 1459 762 1504 798; x_wconf 80' lang='lat' dir='ltr'>M.</span> <span class='ocrx_word' id='word_1_69' title='bbox 1549 767 1746 811; x_wconf 78' lang='lat' dir='ltr'>capitaneus</span> <span class='ocrx_word' id='word_1_70' title='bbox 1787 765 1908 800; x_wconf 75' lang='lat' dir='ltr'>Notum</span> <span class='ocrx_word' id='word_1_71' title='bbox 1948 767 2038 802; x_wconf 84' lang='lat' dir='ltr'>saci-</span> 
     </span>
     <span class='ocr_line' id='line_1_9' title="bbox 152 822 2037 875; baseline 0.003 -17"><span class='ocrx_word' id='word_1_72' title='bbox 152 834 227 858; x_wconf 89' lang='lat' dir='ltr'>mus</span> <span class='ocrx_word' id='word_1_73' title='bbox 267 825 437 858; x_wconf 78' lang='lat' dir='ltr'>vniuersis</span> <span class='ocrx_word' id='word_1_74' title='bbox 478 826 656 869; x_wconf 79' lang='lat' dir='ltr'>presentes</span> <span class='ocrx_word' id='word_1_75' title='bbox 697 822 810 856; x_wconf 87' lang='lat' dir='ltr'>literas</span> <span class='ocrx_word' id='word_1_76' title='bbox 858 825 1069 869; x_wconf 84' lang='lat' dir='ltr'>inspecturis.</span> <span class='ocrx_word' id='word_1_77' title='bbox 1114 822 1210 865; x_wconf 85' lang='lat' dir='ltr'>Quod</span> <span class='ocrx_word' id='word_1_78' title='bbox 1246 835 1308 859; x_wconf 90' lang='lat' dir='ltr'>nos</span> <span class='ocrx_word' id='word_1_79' title='bbox 1344 825 1600 860; x_wconf 80' lang='lat' dir='ltr'>considerantes</span> <span class='ocrx_word' id='word_1_80' title='bbox 1637 830 1794 862; x_wconf 90' lang='lat' dir='ltr'>attentius</span> <span class='ocrx_word' id='word_1_81' title='bbox 1830 833 1861 862; x_wconf 83' lang='lat' dir='ltr'>ct</span> <span class='ocrx_word' id='word_1_82' title='bbox 1897 829 2037 875; x_wconf 85' lang='lat' dir='ltr'>prouida</span> 
     </span>
     <span class='ocr_line' id='line_1_10' title="bbox 150 882 2036 935; baseline 0.003 -16"><span class='ocrx_word' id='word_1_83' title='bbox 150 884 399 919; x_wconf 81' lang='lat' dir='ltr'>deliberacione</span> <span class='ocrx_word' id='word_1_84' title='bbox 427 888 622 931; x_wconf 72' lang='lat' dir='ltr'>pensantes,</span> <span class='ocrx_word' id='word_1_85' title='bbox 647 882 746 925; x_wconf 85' lang='lat' dir='ltr'>Quod</span> <span class='ocrx_word' id='word_1_86' title='bbox 775 883 920 919; x_wconf 89' lang='lat' dir='ltr'>ecclesia</span> <span class='ocrx_word' id='word_1_87' title='bbox 950 888 1064 919; x_wconf 87' lang='lat' dir='ltr'>nostra</span> <span class='ocrx_word' id='word_1_88' title='bbox 1089 883 1324 921; x_wconf 82' lang='lat' dir='ltr'>Olomucensis</span> <span class='ocrx_word' id='word_1_89' title='bbox 1346 890 1463 932; x_wconf 80' lang='lat' dir='ltr'>nequit</span> <span class='ocrx_word' id='word_1_90' title='bbox 1490 887 1675 922; x_wconf 82' lang='lat' dir='ltr'>subsistere</span> <span class='ocrx_word' id='word_1_91' title='bbox 1691 888 1819 935; x_wconf 85' lang='lat' dir='ltr'>absque</span> <span class='ocrx_word' id='word_1_92' title='bbox 1835 893 2036 925; x_wconf 82' lang='lat' dir='ltr'>seruiturum</span> 
     </span>
     <span class='ocr_line' id='line_1_11' title="bbox 151 945 2036 994; baseline 0.004 -14"><span class='ocrx_word' id='word_1_93' title='bbox 151 945 299 994; x_wconf 88' lang='lat' dir='ltr'>presidio</span> <span class='ocrx_word' id='word_1_94' title='bbox 328 950 362 980; x_wconf 85' lang='lat' dir='ltr'>et</span> <span class='ocrx_word' id='word_1_95' title='bbox 388 945 533 980; x_wconf 85' lang='lat' dir='ltr'>fidelium</span> <span class='ocrx_word' id='word_1_96' title='bbox 569 945 733 991; x_wconf 89' lang='lat' dir='ltr'>obsequio</span> <span class='ocrx_word' id='word_1_97' title='bbox 773 945 981 980; x_wconf 77' lang='lat' dir='ltr'>vasallorum</span> <span class='ocrx_word' id='word_1_98' title='bbox 1024 957 1084 993; x_wconf 90' lang='lat' dir='ltr'>per</span> <span class='ocrx_word' id='word_1_99' title='bbox 1112 957 1196 992; x_wconf 90' lang='lat' dir='ltr'>quos</span> <span class='ocrx_word' id='word_1_100' title='bbox 1225 950 1295 981; x_wconf 86' lang='lat' dir='ltr'>iura</span> <span class='ocrx_word' id='word_1_101' title='bbox 1338 952 1574 994; x_wconf 84' lang='lat' dir='ltr'>possessiones</span> <span class='ocrx_word' id='word_1_102' title='bbox 1617 954 1648 984; x_wconf 89' lang='lat' dir='ltr'>et</span> <span class='ocrx_word' id='word_1_103' title='bbox 1690 950 1862 985; x_wconf 85' lang='lat' dir='ltr'>libertates</span> <span class='ocrx_word' id='word_1_104' title='bbox 1891 952 2036 987; x_wconf 82' lang='lat' dir='ltr'>ecclesie</span> 
     </span>
     <span class='ocr_line' id='line_1_12' title="bbox 150 1007 2036 1060; baseline 0.003 -17"><span class='ocrx_word' id='word_1_105' title='bbox 150 1007 374 1043; x_wconf 87' lang='lat' dir='ltr'>defendantur</span> <span class='ocrx_word' id='word_1_106' title='bbox 401 1012 434 1042; x_wconf 89' lang='lat' dir='ltr'>et</span> <span class='ocrx_word' id='word_1_107' title='bbox 461 1007 602 1042; x_wconf 82' lang='lat' dir='ltr'>fideliter</span> <span class='ocrx_word' id='word_1_108' title='bbox 630 1011 861 1054; x_wconf 76' lang='lat' dir='ltr'>protegantur.</span> <span class='ocrx_word' id='word_1_109' title='bbox 893 1007 975 1042; x_wconf 88' lang='lat' dir='ltr'>Cum</span> <span class='ocrx_word' id='word_1_110' title='bbox 1005 1010 1104 1053; x_wconf 76' lang='lat' dir='ltr'>igitur</span> <span class='ocrx_word' id='word_1_111' title='bbox 1132 1012 1364 1043; x_wconf 82' lang='lat' dir='ltr'>necessarium</span> <span class='ocrx_word' id='word_1_112' title='bbox 1395 1013 1435 1044; x_wconf 85' lang='lat' dir='ltr'>sit</span> <span class='ocrx_word' id='word_1_113' title='bbox 1463 1013 1567 1057; x_wconf 84' lang='lat' dir='ltr'>ipsam</span> <span class='ocrx_word' id='word_1_114' title='bbox 1598 1010 1706 1045; x_wconf 87' lang='lat' dir='ltr'>fulciri</span> <span class='ocrx_word' id='word_1_115' title='bbox 1736 1012 1896 1057; x_wconf 73' lang='lat' dir='ltr'>suffragio</span> <span class='ocrx_word' id='word_1_116' title='bbox 1920 1018 1952 1047; x_wconf 84' lang='lat' dir='ltr'>et</span> <span class='ocrx_word' id='word_1_117' title='bbox 1972 1025 2036 1060; x_wconf 91' lang='lat' dir='ltr'>ope</span> 
     </span>
     <span class='ocr_line' id='line_1_13' title="bbox 150 1068 2035 1117; baseline 0.002 -12"><span class='ocrx_word' id='word_1_118' title='bbox 150 1069 359 1105; x_wconf 85' lang='lat' dir='ltr'>defensionis</span> <span class='ocrx_word' id='word_1_119' title='bbox 401 1072 522 1104; x_wconf 90' lang='lat' dir='ltr'>muniri</span> <span class='ocrx_word' id='word_1_120' title='bbox 550 1068 621 1104; x_wconf 77' lang='lat' dir='ltr'>Nos</span> <span class='ocrx_word' id='word_1_121' title='bbox 663 1069 704 1103; x_wconf 89' lang='lat' dir='ltr'>de</span> <span class='ocrx_word' id='word_1_122' title='bbox 733 1073 871 1103; x_wconf 89' lang='lat' dir='ltr'>strenuo</span> <span class='ocrx_word' id='word_1_123' title='bbox 914 1072 1025 1103; x_wconf 86' lang='lat' dir='ltr'>iuueni</span> <span class='ocrx_word' id='word_1_124' title='bbox 1054 1068 1238 1104; x_wconf 67' lang='lat' dir='ltr'>Woctzone</span> <span class='ocrx_word' id='word_1_125' title='bbox 1279 1070 1345 1104; x_wconf 84' lang='lat' dir='ltr'>lilio</span> <span class='ocrx_word' id='word_1_126' title='bbox 1375 1071 1542 1117; x_wconf 87' lang='lat' dir='ltr'>quondam</span> <span class='ocrx_word' id='word_1_127' title='bbox 1585 1072 1707 1107; x_wconf 86' lang='lat' dir='ltr'>domini</span> <span class='ocrx_word' id='word_1_128' title='bbox 1736 1073 1828 1108; x_wconf 87' lang='lat' dir='ltr'>Pauli</span> <span class='ocrx_word' id='word_1_129' title='bbox 1858 1079 2035 1110; x_wconf 88' lang='lat' dir='ltr'>camerarii</span> 
     </span>
     <span class='ocr_line' id='line_1_14' title="bbox 147 1129 2034 1180; baseline 0.003 -14"><span class='ocrx_word' id='word_1_130' title='bbox 147 1129 302 1166; x_wconf 88' lang='lat' dir='ltr'>Morauie</span> <span class='ocrx_word' id='word_1_131' title='bbox 331 1135 446 1166; x_wconf 85' lang='lat' dir='ltr'>nostro</span> <span class='ocrx_word' id='word_1_132' title='bbox 476 1131 595 1165; x_wconf 86' lang='lat' dir='ltr'>dilecto</span> <span class='ocrx_word' id='word_1_133' title='bbox 625 1130 834 1165; x_wconf 84' lang='lat' dir='ltr'>confidentes</span> <span class='ocrx_word' id='word_1_134' title='bbox 863 1135 895 1165; x_wconf 90' lang='lat' dir='ltr'>et</span> <span class='ocrx_word' id='word_1_135' title='bbox 924 1136 1100 1177; x_wconf 85' lang='lat' dir='ltr'>sperantes</span> <span class='ocrx_word' id='word_1_136' title='bbox 1129 1143 1189 1178; x_wconf 87' lang='lat' dir='ltr'>per</span> <span class='ocrx_word' id='word_1_137' title='bbox 1221 1135 1292 1166; x_wconf 87' lang='lat' dir='ltr'>eius</span> <span class='ocrx_word' id='word_1_138' title='bbox 1322 1132 1419 1167; x_wconf 85' lang='lat' dir='ltr'>fidele</span> <span class='ocrx_word' id='word_1_139' title='bbox 1448 1133 1645 1180; x_wconf 82' lang='lat' dir='ltr'>obsequium</span> <span class='ocrx_word' id='word_1_140' title='bbox 1675 1135 1855 1170; x_wconf 88' lang='lat' dir='ltr'>eeclesiam</span> <span class='ocrx_word' id='word_1_141' title='bbox 1884 1141 2034 1172; x_wconf 88' lang='lat' dir='ltr'>nostram</span> 
     </span>
     <span class='ocr_line' id='line_1_15' title="bbox 150 1192 2034 1239; baseline 0.003 -12"><span class='ocrx_word' id='word_1_142' title='bbox 150 1192 411 1227; x_wconf 88' lang='lat' dir='ltr'>Olomucensem</span> <span class='ocrx_word' id='word_1_143' title='bbox 439 1192 605 1239; x_wconf 81' lang='lat' dir='ltr'>prolicere</span> <span class='ocrx_word' id='word_1_144' title='bbox 634 1196 666 1227; x_wconf 84' lang='lat' dir='ltr'>et</span> <span class='ocrx_word' id='word_1_145' title='bbox 694 1192 890 1226; x_wconf 85' lang='lat' dir='ltr'>honorabile</span> <span class='ocrx_word' id='word_1_146' title='bbox 919 1195 1093 1239; x_wconf 82' lang='lat' dir='ltr'>suscipere</span> <span class='ocrx_word' id='word_1_147' title='bbox 1116 1196 1357 1228; x_wconf 86' lang='lat' dir='ltr'>incrementum</span> <span class='ocrx_word' id='word_1_148' title='bbox 1388 1195 1499 1229; x_wconf 76' lang='lat' dir='ltr'>villam</span> <span class='ocrx_word' id='word_1_149' title='bbox 1529 1201 1678 1230; x_wconf 88' lang='lat' dir='ltr'>nostram</span> <span class='ocrx_word' id='word_1_150' title='bbox 1709 1197 1913 1232; x_wconf 83' lang='lat' dir='ltr'>Crsizowicz</span> <span class='ocrx_word' id='word_1_151' title='bbox 1942 1202 2034 1233; x_wconf 89' lang='lat' dir='ltr'>anti—</span> 
     </span>
     <span class='ocr_line' id='line_1_16' title="bbox 149 1254 2029 1305; baseline 0.003 -16"><span class='ocrx_word' id='word_1_152' title='bbox 149 1255 247 1301; x_wconf 79' lang='lat' dir='ltr'>quan&#39;i</span> <span class='ocrx_word' id='word_1_153' title='bbox 290 1254 456 1290; x_wconf 84' lang='lat' dir='ltr'>feudalem</span> <span class='ocrx_word' id='word_1_154' title='bbox 487 1259 601 1289; x_wconf 89' lang='lat' dir='ltr'>nostre</span> <span class='ocrx_word' id='word_1_155' title='bbox 644 1254 821 1288; x_wconf 88' lang='lat' dir='ltr'>collacioni</span> <span class='ocrx_word' id='word_1_156' title='bbox 849 1258 1031 1289; x_wconf 75' lang='lat' dir='ltr'>vacantem</span> <span class='ocrx_word' id='word_1_157' title='bbox 1060 1266 1134 1289; x_wconf 88' lang='lat' dir='ltr'>cum</span> <span class='ocrx_word' id='word_1_158' title='bbox 1170 1258 1262 1301; x_wconf 80' lang='lat' dir='ltr'>agris</span> <span class='ocrx_word' id='word_1_159' title='bbox 1291 1259 1394 1303; x_wconf 89' lang='lat' dir='ltr'>pratis</span> <span class='ocrx_word' id='word_1_160' title='bbox 1424 1257 1516 1291; x_wconf 88' lang='lat' dir='ltr'>siluis</span> <span class='ocrx_word' id='word_1_161' title='bbox 1550 1257 1740 1292; x_wconf 86' lang='lat' dir='ltr'>molendino</span> <span class='ocrx_word' id='word_1_162' title='bbox 1770 1260 2029 1305; x_wconf 63' lang='lat' dir='ltr'>piscacionibus„</span> 
     </span>
     <span class='ocr_line' id='line_1_17' title="bbox 148 1312 2031 1364; baseline 0.003 -13"><span class='ocrx_word' id='word_1_163' title='bbox 148 1319 256 1363; x_wconf 78' lang='lat' dir='ltr'>aquis,</span> <span class='ocrx_word' id='word_1_164' title='bbox 286 1321 319 1351; x_wconf 88' lang='lat' dir='ltr'>et</span> <span class='ocrx_word' id='word_1_165' title='bbox 347 1327 509 1362; x_wconf 89' lang='lat' dir='ltr'>aquarum</span> <span class='ocrx_word' id='word_1_166' title='bbox 539 1315 736 1350; x_wconf 88' lang='lat' dir='ltr'>decursibus</span> <span class='ocrx_word' id='word_1_167' title='bbox 760 1328 799 1350; x_wconf 91' lang='lat' dir='ltr'>ac</span> <span class='ocrx_word' id='word_1_168' title='bbox 828 1315 982 1350; x_wconf 86' lang='lat' dir='ltr'>omnihus</span> <span class='ocrx_word' id='word_1_169' title='bbox 1006 1316 1078 1351; x_wconf 88' lang='lat' dir='ltr'>aliis</span> <span class='ocrx_word' id='word_1_170' title='bbox 1096 1312 1169 1351; x_wconf 72' lang='lat' dir='ltr'>“suis</span> <span class='ocrx_word' id='word_1_171' title='bbox 1197 1321 1404 1364; x_wconf 85' lang='lat' dir='ltr'>pertinentiis</span> <span class='ocrx_word' id='word_1_172' title='bbox 1428 1318 1488 1353; x_wconf 86' lang='lat' dir='ltr'>sihi</span> <span class='ocrx_word' id='word_1_173' title='bbox 1518 1323 1549 1353; x_wconf 85' lang='lat' dir='ltr'>et</span> <span class='ocrx_word' id='word_1_174' title='bbox 1580 1318 1758 1354; x_wconf 81' lang='lat' dir='ltr'>heredibus</span> <span class='ocrx_word' id='word_1_175' title='bbox 1783 1324 1852 1355; x_wconf 86' lang='lat' dir='ltr'>suis</span> <span class='ocrx_word' id='word_1_176' title='bbox 1875 1323 2031 1357; x_wconf 88' lang='lat' dir='ltr'>masculis</span> 
     </span>
     <span class='ocr_line' id='line_1_18' title="bbox 146 1377 2028 1424; baseline 0.003 -12"><span class='ocrx_word' id='word_1_177' title='bbox 146 1377 308 1412; x_wconf 82' lang='lat' dir='ltr'>duntaxat</span> <span class='ocrx_word' id='word_1_178' title='bbox 335 1378 496 1424; x_wconf 84' lang='lat' dir='ltr'>legittime</span> <span class='ocrx_word' id='word_1_179' title='bbox 539 1377 821 1412; x_wconf 88' lang='lat' dir='ltr'>descendentibus</span> <span class='ocrx_word' id='word_1_180' title='bbox 864 1377 905 1411; x_wconf 88' lang='lat' dir='ltr'>ah</span> <span class='ocrx_word' id='word_1_181' title='bbox 935 1377 1067 1413; x_wconf 82' lang='lat' dir='ltr'>eodem.</span> <span class='ocrx_word' id='word_1_182' title='bbox 1111 1378 1228 1414; x_wconf 91' lang='lat' dir='ltr'>damus</span> <span class='ocrx_word' id='word_1_183' title='bbox 1257 1383 1290 1413; x_wconf 90' lang='lat' dir='ltr'>in</span> <span class='ocrx_word' id='word_1_184' title='bbox 1319 1380 1452 1414; x_wconf 87' lang='lat' dir='ltr'>feodum</span> <span class='ocrx_word' id='word_1_185' title='bbox 1482 1385 1514 1415; x_wconf 84' lang='lat' dir='ltr'>et</span> <span class='ocrx_word' id='word_1_186' title='bbox 1543 1384 1613 1415; x_wconf 89' lang='lat' dir='ltr'>iure</span> <span class='ocrx_word' id='word_1_187' title='bbox 1643 1381 1732 1416; x_wconf 85' lang='lat' dir='ltr'>feodi</span> <span class='ocrx_word' id='word_1_188' title='bbox 1769 1382 1809 1416; x_wconf 88' lang='lat' dir='ltr'>ad</span> <span class='ocrx_word' id='word_1_189' title='bbox 1839 1383 2028 1418; x_wconf 85' lang='lat' dir='ltr'>habendum</span> 
     </span>
     <span class='ocr_line' id='line_1_19' title="bbox 146 1439 2031 1490; baseline 0.004 -17"><span class='ocrx_word' id='word_1_190' title='bbox 146 1444 178 1474; x_wconf 89' lang='lat' dir='ltr'>et</span> <span class='ocrx_word' id='word_1_191' title='bbox 207 1439 387 1474; x_wconf 87' lang='lat' dir='ltr'>tenendum</span> <span class='ocrx_word' id='word_1_192' title='bbox 416 1444 448 1473; x_wconf 89' lang='lat' dir='ltr'>et</span> <span class='ocrx_word' id='word_1_193' title='bbox 477 1442 689 1486; x_wconf 91' lang='lat' dir='ltr'>quitcumque</span> <span class='ocrx_word' id='word_1_194' title='bbox 709 1439 841 1485; x_wconf 24' lang='lat' dir='ltr'>*exinde</span> <span class='ocrx_word' id='word_1_195' title='bbox 871 1439 932 1473; x_wconf 82' lang='lat' dir='ltr'>sibi</span> <span class='ocrx_word' id='word_1_196' title='bbox 961 1440 1122 1486; x_wconf 84' lang='lat' dir='ltr'>placuerit</span> <span class='ocrx_word' id='word_1_197' title='bbox 1151 1441 1246 1475; x_wconf 91' lang='lat' dir='ltr'>saluo</span> <span class='ocrx_word' id='word_1_198' title='bbox 1275 1444 1346 1475; x_wconf 84' lang='lat' dir='ltr'>iure</span> <span class='ocrx_word' id='word_1_199' title='bbox 1375 1441 1540 1477; x_wconf 82' lang='lat' dir='ltr'>fidelitatis</span> <span class='ocrx_word' id='word_1_200' title='bbox 1569 1448 1731 1490; x_wconf 85' lang='lat' dir='ltr'>perpetuo</span> <span class='ocrx_word' id='word_1_201' title='bbox 1761 1444 1962 1480; x_wconf 79' lang='lat' dir='ltr'>faciendum.</span> <span class='ocrx_word' id='word_1_202' title='bbox 1986 1446 2031 1481; x_wconf 84' lang='lat' dir='ltr'>Vt</span> 
     </span>
     <span class='ocr_line' id='line_1_20' title="bbox 147 1500 2029 1552; baseline 0.004 -17"><span class='ocrx_word' id='word_1_203' title='bbox 147 1505 257 1535; x_wconf 88' lang='lat' dir='ltr'>autem</span> <span class='ocrx_word' id='word_1_204' title='bbox 287 1504 433 1547; x_wconf 89' lang='lat' dir='ltr'>suscepti</span> <span class='ocrx_word' id='word_1_205' title='bbox 462 1500 550 1535; x_wconf 80' lang='lat' dir='ltr'>feodi</span> <span class='ocrx_word' id='word_1_206' title='bbox 580 1501 733 1535; x_wconf 88' lang='lat' dir='ltr'>condicio</span> <span class='ocrx_word' id='word_1_207' title='bbox 763 1512 824 1547; x_wconf 89' lang='lat' dir='ltr'>per</span> <span class='ocrx_word' id='word_1_208' title='bbox 857 1500 1105 1536; x_wconf 78' lang='lat' dir='ltr'>exhibicionem</span> <span class='ocrx_word' id='word_1_209' title='bbox 1141 1505 1224 1537; x_wconf 88' lang='lat' dir='ltr'>certi</span> <span class='ocrx_word' id='word_1_210' title='bbox 1260 1506 1433 1538; x_wconf 81' lang='lat' dir='ltr'>ministerii</span> <span class='ocrx_word' id='word_1_211' title='bbox 1469 1509 1676 1548; x_wconf 65' lang='lat' dir='ltr'>agnoscatur</span> <span class='ocrx_word' id='word_1_212' title='bbox 1704 1509 1764 1552; x_wconf 84' lang='lat' dir='ltr'>ipsi</span> <span class='ocrx_word' id='word_1_213' title='bbox 1793 1506 1966 1542; x_wconf 56' lang='lat' dir='ltr'>WVockoni</span> <span class='ocrx_word' id='word_1_214' title='bbox 1997 1513 2029 1542; x_wconf 93' lang='lat' dir='ltr'>et</span> 
     </span>
     <span class='ocr_line' id='line_1_21' title="bbox 143 1561 2027 1615; baseline 0.003 -18"><span class='ocrx_word' id='word_1_215' title='bbox 143 1562 404 1597; x_wconf 87' lang='lat' dir='ltr'>succedentibus</span> <span class='ocrx_word' id='word_1_216' title='bbox 433 1562 494 1596; x_wconf 90' lang='lat' dir='ltr'>sibi</span> <span class='ocrx_word' id='word_1_217' title='bbox 524 1565 556 1596; x_wconf 91' lang='lat' dir='ltr'>in</span> <span class='ocrx_word' id='word_1_218' title='bbox 591 1562 692 1596; x_wconf 85' lang='lat' dir='ltr'>feodo</span> <span class='ocrx_word' id='word_1_219' title='bbox 727 1561 791 1596; x_wconf 89' lang='lat' dir='ltr'>hoc</span> <span class='ocrx_word' id='word_1_220' title='bbox 825 1573 910 1596; x_wconf 87' lang='lat' dir='ltr'>onus</span> <span class='ocrx_word' id='word_1_221' title='bbox 946 1565 1157 1609; x_wconf 81' lang='lat' dir='ltr'>imponimus.</span> <span class='ocrx_word' id='word_1_222' title='bbox 1188 1568 1223 1598; x_wconf 80' lang='lat' dir='ltr'>vt</span> <span class='ocrx_word' id='word_1_223' title='bbox 1260 1564 1356 1599; x_wconf 89' lang='lat' dir='ltr'>nohis</span> <span class='ocrx_word' id='word_1_224' title='bbox 1385 1570 1418 1599; x_wconf 90' lang='lat' dir='ltr'>et</span> <span class='ocrx_word' id='word_1_225' title='bbox 1452 1566 1706 1601; x_wconf 85' lang='lat' dir='ltr'>successorihus</span> <span class='ocrx_word' id='word_1_226' title='bbox 1742 1571 1866 1602; x_wconf 85' lang='lat' dir='ltr'>nostris</span> <span class='ocrx_word' id='word_1_227' title='bbox 1902 1580 1962 1615; x_wconf 87' lang='lat' dir='ltr'>per</span> <span class='ocrx_word' id='word_1_228' title='bbox 1990 1581 2027 1604; x_wconf 92' lang='lat' dir='ltr'>se</span> 
     </span>
     <span class='ocr_line' id='line_1_22' title="bbox 141 1623 2024 1676; baseline 0.004 -19"><span class='ocrx_word' id='word_1_229' title='bbox 141 1623 194 1658; x_wconf 90' lang='lat' dir='ltr'>uel</span> <span class='ocrx_word' id='word_1_230' title='bbox 225 1635 285 1670; x_wconf 90' lang='lat' dir='ltr'>per</span> <span class='ocrx_word' id='word_1_231' title='bbox 313 1624 411 1658; x_wconf 88' lang='lat' dir='ltr'>alium</span> <span class='ocrx_word' id='word_1_232' title='bbox 441 1635 515 1657; x_wconf 91' lang='lat' dir='ltr'>cum</span> <span class='ocrx_word' id='word_1_233' title='bbox 544 1634 613 1658; x_wconf 81' lang='lat' dir='ltr'>vno</span> <span class='ocrx_word' id='word_1_234' title='bbox 649 1623 820 1657; x_wconf 81' lang='lat' dir='ltr'>dextrario</span> <span class='ocrx_word' id='word_1_235' title='bbox 849 1624 1006 1670; x_wconf 81' lang='lat' dir='ltr'>expedite</span> <span class='ocrx_word' id='word_1_236' title='bbox 1035 1629 1165 1660; x_wconf 68' lang='lat' dir='ltr'>seruire</span> <span class='ocrx_word' id='word_1_237' title='bbox 1194 1625 1325 1660; x_wconf 86' lang='lat' dir='ltr'>debeat.</span> <span class='ocrx_word' id='word_1_238' title='bbox 1357 1626 1397 1661; x_wconf 85' lang='lat' dir='ltr'>Et</span> <span class='ocrx_word' id='word_1_239' title='bbox 1427 1627 1466 1661; x_wconf 90' lang='lat' dir='ltr'>ad</span> <span class='ocrx_word' id='word_1_240' title='bbox 1502 1627 1686 1662; x_wconf 79' lang='lat' dir='ltr'>huiusmodi</span> <span class='ocrx_word' id='word_1_241' title='bbox 1724 1628 1920 1676; x_wconf 83' lang='lat' dir='ltr'>obsequium</span> <span class='ocrx_word' id='word_1_242' title='bbox 1950 1642 2024 1665; x_wconf 87' lang='lat' dir='ltr'>cum</span> 
     </span>
     <span class='ocr_line' id='line_1_23' title="bbox 140 1684 2024 1733; baseline 0.004 -13"><span class='ocrx_word' id='word_1_243' title='bbox 140 1688 320 1731; x_wconf 86' lang='lat' dir='ltr'>requisitus</span> <span class='ocrx_word' id='word_1_244' title='bbox 349 1684 446 1719; x_wconf 82' lang='lat' dir='ltr'>suerit</span> <span class='ocrx_word' id='word_1_245' title='bbox 488 1685 549 1719; x_wconf 88' lang='lat' dir='ltr'>sub</span> <span class='ocrx_word' id='word_1_246' title='bbox 580 1685 690 1719; x_wconf 90' lang='lat' dir='ltr'>debito</span> <span class='ocrx_word' id='word_1_247' title='bbox 732 1685 896 1720; x_wconf 87' lang='lat' dir='ltr'>fidelitatis</span> <span class='ocrx_word' id='word_1_248' title='bbox 938 1698 1012 1720; x_wconf 83' lang='lat' dir='ltr'>cuin</span> <span class='ocrx_word' id='word_1_249' title='bbox 1056 1687 1313 1733; x_wconf 89' lang='lat' dir='ltr'>promptitudine</span> <span class='ocrx_word' id='word_1_250' title='bbox 1355 1692 1567 1723; x_wconf 84' lang='lat' dir='ltr'>conuenienti</span> <span class='ocrx_word' id='word_1_251' title='bbox 1611 1695 1793 1733; x_wconf 67' lang='lat' dir='ltr'>assurgant</span> <span class='ocrx_word' id='word_1_252' title='bbox 1829 1696 1862 1725; x_wconf 90' lang='lat' dir='ltr'>et</span> <span class='ocrx_word' id='word_1_253' title='bbox 1889 1695 2024 1727; x_wconf 86' lang='lat' dir='ltr'>sincere</span> 
     </span>
     <span class='ocr_line' id='line_1_24' title="bbox 142 1746 2025 1799; baseline 0.004 -18"><span class='ocrx_word' id='word_1_254' title='bbox 142 1746 218 1781; x_wconf 81' lang='lat' dir='ltr'>fidei</span> <span class='ocrx_word' id='word_1_255' title='bbox 248 1750 443 1781; x_wconf 86' lang='lat' dir='ltr'>constancia</span> <span class='ocrx_word' id='word_1_256' title='bbox 474 1746 570 1781; x_wconf 92' lang='lat' dir='ltr'>nobis</span> <span class='ocrx_word' id='word_1_257' title='bbox 599 1752 631 1781; x_wconf 88' lang='lat' dir='ltr'>et</span> <span class='ocrx_word' id='word_1_258' title='bbox 660 1746 804 1781; x_wconf 85' lang='lat' dir='ltr'>ecclesie</span> <span class='ocrx_word' id='word_1_259' title='bbox 834 1752 946 1782; x_wconf 87' lang='lat' dir='ltr'>nostre</span> <span class='ocrx_word' id='word_1_260' title='bbox 969 1751 1057 1782; x_wconf 90' lang='lat' dir='ltr'>omni</span> <span class='ocrx_word' id='word_1_261' title='bbox 1080 1749 1154 1782; x_wconf 79' lang='lat' dir='ltr'>loco</span> <span class='ocrx_word' id='word_1_262' title='bbox 1183 1754 1215 1783; x_wconf 81' lang='lat' dir='ltr'>et</span> <span class='ocrx_word' id='word_1_263' title='bbox 1245 1754 1395 1796; x_wconf 87' lang='lat' dir='ltr'>tempore</span> <span class='ocrx_word' id='word_1_264' title='bbox 1425 1751 1583 1796; x_wconf 80' lang='lat' dir='ltr'>operibus</span> <span class='ocrx_word' id='word_1_265' title='bbox 1614 1756 1790 1786; x_wconf 81' lang='lat' dir='ltr'>tencantur</span> <span class='ocrx_word' id='word_1_266' title='bbox 1812 1757 1845 1787; x_wconf 84' lang='lat' dir='ltr'>et</span> <span class='ocrx_word' id='word_1_267' title='bbox 1866 1758 2025 1799; x_wconf 84' lang='lat' dir='ltr'>satagent</span> 
     </span>
     <span class='ocr_line' id='line_1_25' title="bbox 140 1807 2022 1856; baseline 0.004 -13"><span class='ocrx_word' id='word_1_268' title='bbox 140 1807 385 1843; x_wconf 87' lang='lat' dir='ltr'>demonstrare.</span> <span class='ocrx_word' id='word_1_269' title='bbox 416 1807 569 1843; x_wconf 86' lang='lat' dir='ltr'>Heredes</span> <span class='ocrx_word' id='word_1_270' title='bbox 598 1811 704 1842; x_wconf 89' lang='lat' dir='ltr'>eciam</span> <span class='ocrx_word' id='word_1_271' title='bbox 735 1811 784 1842; x_wconf 84' lang='lat' dir='ltr'>sui</span> <span class='ocrx_word' id='word_1_272' title='bbox 815 1811 845 1842; x_wconf 91' lang='lat' dir='ltr'>in</span> <span class='ocrx_word' id='word_1_273' title='bbox 875 1808 972 1843; x_wconf 80' lang='lat' dir='ltr'>honis</span> <span class='ocrx_word' id='word_1_274' title='bbox 1001 1810 1157 1856; x_wconf 81' lang='lat' dir='ltr'>predictis</span> <span class='ocrx_word' id='word_1_275' title='bbox 1186 1811 1409 1845; x_wconf 81' lang='lat' dir='ltr'>succedentes</span> <span class='ocrx_word' id='word_1_276' title='bbox 1446 1812 1485 1845; x_wconf 85' lang='lat' dir='ltr'>ad</span> <span class='ocrx_word' id='word_1_277' title='bbox 1516 1812 1633 1846; x_wconf 83' lang='lat' dir='ltr'>eadem</span> <span class='ocrx_word' id='word_1_278' title='bbox 1670 1817 1701 1847; x_wconf 85' lang='lat' dir='ltr'>et</span> <span class='ocrx_word' id='word_1_279' title='bbox 1731 1814 1848 1848; x_wconf 86' lang='lat' dir='ltr'>similia</span> <span class='ocrx_word' id='word_1_280' title='bbox 1878 1818 2022 1850; x_wconf 80' lang='lat' dir='ltr'>seruicia</span> 
     </span>
     <span class='ocr_line' id='line_1_26' title="bbox 138 1869 2023 1923; baseline 0.004 -19"><span class='ocrx_word' id='word_1_281' title='bbox 138 1869 350 1904; x_wconf 87' lang='lat' dir='ltr'>tenebuntur.</span> <span class='ocrx_word' id='word_1_282' title='bbox 381 1869 417 1904; x_wconf 90' lang='lat' dir='ltr'>In</span> <span class='ocrx_word' id='word_1_283' title='bbox 448 1870 618 1904; x_wconf 83' lang='lat' dir='ltr'>vinculum</span> <span class='ocrx_word' id='word_1_284' title='bbox 648 1881 781 1915; x_wconf 87' lang='lat' dir='ltr'>quoque</span> <span class='ocrx_word' id='word_1_285' title='bbox 810 1870 1004 1905; x_wconf 84' lang='lat' dir='ltr'>dileccionis</span> <span class='ocrx_word' id='word_1_286' title='bbox 1035 1876 1145 1905; x_wconf 85' lang='lat' dir='ltr'>mutue</span> <span class='ocrx_word' id='word_1_287' title='bbox 1175 1872 1356 1918; x_wconf 84' lang='lat' dir='ltr'>predictum</span> <span class='ocrx_word' id='word_1_288' title='bbox 1387 1872 1602 1907; x_wconf 60' lang='lat' dir='ltr'>lVockonem</span> <span class='ocrx_word' id='word_1_289' title='bbox 1633 1874 1672 1908; x_wconf 89' lang='lat' dir='ltr'>ad</span> <span class='ocrx_word' id='word_1_290' title='bbox 1703 1876 1852 1910; x_wconf 88' lang='lat' dir='ltr'>osculum</span> <span class='ocrx_word' id='word_1_291' title='bbox 1883 1880 2023 1923; x_wconf 87' lang='lat' dir='ltr'>recepi-</span> 
     </span>
     <span class='ocr_line' id='line_1_27' title="bbox 138 1931 2022 1980; baseline 0.004 -14"><span class='ocrx_word' id='word_1_292' title='bbox 138 1942 223 1966; x_wconf 88' lang='lat' dir='ltr'>mus.</span> <span class='ocrx_word' id='word_1_293' title='bbox 253 1931 432 1978; x_wconf 74' lang='lat' dir='ltr'>Ipsumque</span> <span class='ocrx_word' id='word_1_294' title='bbox 461 1942 522 1965; x_wconf 89' lang='lat' dir='ltr'>suo</span> <span class='ocrx_word' id='word_1_295' title='bbox 551 1936 583 1965; x_wconf 87' lang='lat' dir='ltr'>et</span> <span class='ocrx_word' id='word_1_296' title='bbox 613 1931 771 1965; x_wconf 84' lang='lat' dir='ltr'>heredum</span> <span class='ocrx_word' id='word_1_297' title='bbox 802 1942 938 1966; x_wconf 88' lang='lat' dir='ltr'>suorum</span> <span class='ocrx_word' id='word_1_298' title='bbox 968 1936 1103 1966; x_wconf 87' lang='lat' dir='ltr'>nomine</span> <span class='ocrx_word' id='word_1_299' title='bbox 1140 1932 1180 1966; x_wconf 81' lang='lat' dir='ltr'>de</span> <span class='ocrx_word' id='word_1_300' title='bbox 1209 1932 1308 1967; x_wconf 76' lang='lat' dir='ltr'>feodo</span> <span class='ocrx_word' id='word_1_301' title='bbox 1343 1945 1405 1980; x_wconf 85' lang='lat' dir='ltr'>per</span> <span class='ocrx_word' id='word_1_302' title='bbox 1440 1940 1587 1969; x_wconf 79' lang='lat' dir='ltr'>nostrum</span> <span class='ocrx_word' id='word_1_303' title='bbox 1624 1937 1781 1971; x_wconf 88' lang='lat' dir='ltr'>annulum</span> <span class='ocrx_word' id='word_1_304' title='bbox 1825 1941 2022 1973; x_wconf 74' lang='lat' dir='ltr'>investimus</span> 
     </span>
     <span class='ocr_line' id='line_1_28' title="bbox 138 1992 2020 2043; baseline 0.004 -16"><span class='ocrx_word' id='word_1_305' title='bbox 138 1992 316 2028; x_wconf 90' lang='lat' dir='ltr'>antedicto.</span> <span class='ocrx_word' id='word_1_306' title='bbox 349 1992 456 2035; x_wconf 81' lang='lat' dir='ltr'>Quum</span> <span class='ocrx_word' id='word_1_307' title='bbox 488 1997 596 2027; x_wconf 89' lang='lat' dir='ltr'>autem</span> <span class='ocrx_word' id='word_1_308' title='bbox 628 1996 737 2027; x_wconf 88' lang='lat' dir='ltr'>omnia</span> <span class='ocrx_word' id='word_1_309' title='bbox 768 1996 932 2039; x_wconf 82' lang='lat' dir='ltr'>premissa</span> <span class='ocrx_word' id='word_1_310' title='bbox 969 1998 1034 2028; x_wconf 91' lang='lat' dir='ltr'>tam</span> <span class='ocrx_word' id='word_1_311' title='bbox 1071 1994 1167 2028; x_wconf 81' lang='lat' dir='ltr'>nobis</span> <span class='ocrx_word' id='word_1_312' title='bbox 1201 1995 1455 2029; x_wconf 79' lang='lat' dir='ltr'>successoribus</span> <span class='ocrx_word' id='word_1_313' title='bbox 1490 2000 1612 2031; x_wconf 83' lang='lat' dir='ltr'>nostris</span> <span class='ocrx_word' id='word_1_314' title='bbox 1647 2002 1680 2032; x_wconf 86' lang='lat' dir='ltr'>et</span> <span class='ocrx_word' id='word_1_315' title='bbox 1711 1999 1857 2033; x_wconf 87' lang='lat' dir='ltr'>ecclesie</span> <span class='ocrx_word' id='word_1_316' title='bbox 1894 2005 2020 2043; x_wconf 63' lang='lat' dir='ltr'>nostre7</span> 
     </span>
     <span class='ocr_line' id='line_1_29' title="bbox 139 2054 2020 2105; baseline 0.004 -17"><span class='ocrx_word' id='word_1_317' title='bbox 139 2065 237 2101; x_wconf 86' lang='lat' dir='ltr'>quam</span> <span class='ocrx_word' id='word_1_318' title='bbox 267 2057 328 2101; x_wconf 90' lang='lat' dir='ltr'>ipsi</span> <span class='ocrx_word' id='word_1_319' title='bbox 357 2054 530 2089; x_wconf 65' lang='lat' dir='ltr'>Woelffin}</span> <span class='ocrx_word' id='word_1_320' title='bbox 560 2059 593 2088; x_wconf 88' lang='lat' dir='ltr'>et</span> <span class='ocrx_word' id='word_1_321' title='bbox 621 2054 800 2089; x_wconf 83' lang='lat' dir='ltr'>heredibus</span> <span class='ocrx_word' id='word_1_322' title='bbox 831 2058 899 2088; x_wconf 84' lang='lat' dir='ltr'>suis</span> <span class='ocrx_word' id='word_1_323' title='bbox 929 2060 999 2089; x_wconf 89' lang='lat' dir='ltr'>rata</span> <span class='ocrx_word' id='word_1_324' title='bbox 1030 2061 1208 2090; x_wconf 80' lang='lat' dir='ltr'>seruentur</span> <span class='ocrx_word' id='word_1_325' title='bbox 1237 2061 1267 2090; x_wconf 86' lang='lat' dir='ltr'>et</span> <span class='ocrx_word' id='word_1_326' title='bbox 1304 2056 1434 2091; x_wconf 83' lang='lat' dir='ltr'>stabilia</span> <span class='ocrx_word' id='word_1_327' title='bbox 1469 2070 1669 2105; x_wconf 79' lang='lat' dir='ltr'>semperque</span> <span class='ocrx_word' id='word_1_328' title='bbox 1702 2066 1859 2095; x_wconf 83' lang='lat' dir='ltr'>maneant</span> <span class='ocrx_word' id='word_1_329' title='bbox 1896 2065 2020 2095; x_wconf 89' lang='lat' dir='ltr'>incon-</span> 
     </span>
     <span class='ocr_line' id='line_1_30' title="bbox 136 2115 2020 2166; baseline 0.004 -16"><span class='ocrx_word' id='word_1_330' title='bbox 136 2115 231 2151; x_wconf 91' lang='lat' dir='ltr'>uulsa</span> <span class='ocrx_word' id='word_1_331' title='bbox 261 2127 326 2151; x_wconf 88' lang='lat' dir='ltr'>nec</span> <span class='ocrx_word' id='word_1_332' title='bbox 353 2116 452 2151; x_wconf 88' lang='lat' dir='ltr'>vllius</span> <span class='ocrx_word' id='word_1_333' title='bbox 495 2119 653 2163; x_wconf 84' lang='lat' dir='ltr'>temporis</span> <span class='ocrx_word' id='word_1_334' title='bbox 683 2127 747 2150; x_wconf 88' lang='lat' dir='ltr'>euo</span> <span class='ocrx_word' id='word_1_335' title='bbox 790 2116 999 2162; x_wconf 87' lang='lat' dir='ltr'>aliquatenus</span> <span class='ocrx_word' id='word_1_336' title='bbox 1028 2120 1250 2151; x_wconf 83' lang='lat' dir='ltr'>immutentur.</span> <span class='ocrx_word' id='word_1_337' title='bbox 1281 2118 1338 2152; x_wconf 87' lang='lat' dir='ltr'>sed</span> <span class='ocrx_word' id='word_1_338' title='bbox 1376 2124 1570 2166; x_wconf 90' lang='lat' dir='ltr'>perpetuum</span> <span class='ocrx_word' id='word_1_339' title='bbox 1607 2121 1873 2156; x_wconf 84' lang='lat' dir='ltr'>irreuocahiliter</span> <span class='ocrx_word' id='word_1_340' title='bbox 1906 2126 2020 2157; x_wconf 89' lang='lat' dir='ltr'>sorci-</span> 
     </span>
     <span class='ocr_line' id='line_1_31' title="bbox 137 2176 2018 2229; baseline 0.004 -18"><span class='ocrx_word' id='word_1_341' title='bbox 137 2181 234 2211; x_wconf 87' lang='lat' dir='ltr'>antur</span> <span class='ocrx_word' id='word_1_342' title='bbox 262 2176 416 2212; x_wconf 81' lang='lat' dir='ltr'>effectum</span> <span class='ocrx_word' id='word_1_343' title='bbox 446 2177 534 2212; x_wconf 89' lang='lat' dir='ltr'>hanc</span> <span class='ocrx_word' id='word_1_344' title='bbox 577 2181 736 2224; x_wconf 57' lang='lat' dir='ltr'>pagiuam</span> <span class='ocrx_word' id='word_1_345' title='bbox 782 2177 823 2211; x_wconf 86' lang='lat' dir='ltr'>ad</span> <span class='ocrx_word' id='word_1_346' title='bbox 868 2180 914 2211; x_wconf 88' lang='lat' dir='ltr'>rei</span> <span class='ocrx_word' id='word_1_347' title='bbox 958 2181 1152 2212; x_wconf 88' lang='lat' dir='ltr'>memoriam</span> <span class='ocrx_word' id='word_1_348' title='bbox 1197 2182 1433 2225; x_wconf 81' lang='lat' dir='ltr'>sempiternam</span> <span class='ocrx_word' id='word_1_349' title='bbox 1477 2184 1507 2215; x_wconf 88' lang='lat' dir='ltr'>in</span> <span class='ocrx_word' id='word_1_350' title='bbox 1544 2182 1731 2217; x_wconf 78' lang='lat' dir='ltr'>consectarii</span> <span class='ocrx_word' id='word_1_351' title='bbox 1775 2184 1871 2229; x_wconf 70' lang='lat' dir='ltr'>sigilli</span> <span class='ocrx_word' id='word_1_352' title='bbox 1915 2187 2018 2218; x_wconf 89' lang='lat' dir='ltr'>nostri</span> 
     </span>
     <span class='ocr_line' id='line_1_32' title="bbox 135 2239 2017 2287; baseline 0.004 -15"><span class='ocrx_word' id='word_1_353' title='bbox 135 2239 293 2273; x_wconf 88' lang='lat' dir='ltr'>iussimus</span> <span class='ocrx_word' id='word_1_354' title='bbox 322 2242 530 2286; x_wconf 90' lang='lat' dir='ltr'>appensione</span> <span class='ocrx_word' id='word_1_355' title='bbox 573 2242 702 2273; x_wconf 90' lang='lat' dir='ltr'>muniri.</span> <span class='ocrx_word' id='word_1_356' title='bbox 734 2239 821 2272; x_wconf 73' lang='lat' dir='ltr'>Acta</span> <span class='ocrx_word' id='word_1_357' title='bbox 851 2244 927 2273; x_wconf 84' lang='lat' dir='ltr'>sunt</span> <span class='ocrx_word' id='word_1_358' title='bbox 953 2239 1029 2273; x_wconf 69' lang='lat' dir='ltr'>⁴hcc</span> <span class='ocrx_word' id='word_1_359' title='bbox 1059 2243 1090 2273; x_wconf 90' lang='grc'>111</span> <span class='ocrx_word' id='word_1_360' title='bbox 1121 2240 1268 2274; x_wconf 86' lang='lat' dir='ltr'>Cremsir</span> <span class='ocrx_word' id='word_1_361' title='bbox 1308 2242 1520 2287; x_wconf 89' lang='lat' dir='ltr'>presentibus</span> <span class='ocrx_word' id='word_1_362' title='bbox 1563 2244 1706 2278; x_wconf 81' lang='lat' dir='ltr'>ecclesie</span> <span class='ocrx_word' id='word_1_363' title='bbox 1737 2249 1849 2278; x_wconf 85' lang='lat' dir='ltr'>nostre</span> <span class='ocrx_word' id='word_1_364' title='bbox 1881 2245 2017 2279; x_wconf 69' lang='lat' dir='ltr'>vasallis</span> 
     </span>
     <span class='ocr_line' id='line_1_33' title="bbox 135 2298 2018 2345; baseline 0.003 -12"><span class='ocrx_word' id='word_1_365' title='bbox 135 2303 167 2333; x_wconf 90' lang='lat' dir='ltr'>et</span> <span class='ocrx_word' id='word_1_366' title='bbox 196 2298 334 2334; x_wconf 88' lang='lat' dir='ltr'>testibus</span> <span class='ocrx_word' id='word_1_367' title='bbox 363 2299 403 2333; x_wconf 89' lang='lat' dir='ltr'>ad</span> <span class='ocrx_word' id='word_1_368' title='bbox 434 2299 497 2334; x_wconf 90' lang='lat' dir='ltr'>hoc</span> <span class='ocrx_word' id='word_1_369' title='bbox 527 2300 694 2335; x_wconf 83' lang='lat' dir='ltr'>adhibitis.</span> <span class='ocrx_word' id='word_1_370' title='bbox 724 2299 854 2334; x_wconf 88' lang='lat' dir='ltr'>Jacobo</span> <span class='ocrx_word' id='word_1_371' title='bbox 884 2300 924 2334; x_wconf 84' lang='lat' dir='ltr'>‹le</span> <span class='ocrx_word' id='word_1_372' title='bbox 953 2299 1082 2345; x_wconf 58' lang='lat' dir='ltr'>N&#39;nezd.</span> <span class='ocrx_word' id='word_1_373' title='bbox 1115 2300 1285 2336; x_wconf 87' lang='lat' dir='ltr'>Fridcrico</span> <span class='ocrx_word' id='word_1_374' title='bbox 1314 2302 1355 2337; x_wconf 88' lang='lat' dir='ltr'>de</span> <span class='ocrx_word' id='word_1_375' title='bbox 1385 2303 1597 2339; x_wconf 80' lang='lat' dir='ltr'>Czehowicz.</span> <span class='ocrx_word' id='word_1_376' title='bbox 1630 2305 1780 2339; x_wconf 75' lang='lat' dir='ltr'>Arnoldo</span> <span class='ocrx_word' id='word_1_377' title='bbox 1810 2306 1850 2339; x_wconf 87' lang='lat' dir='ltr'>dc</span> <span class='ocrx_word' id='word_1_378' title='bbox 1886 2306 2018 2340; x_wconf 71' lang='lat' dir='ltr'>Chwa-</span> 
     </span>
     <span class='ocr_line' id='line_1_34' title="bbox 134 2358 2017 2411; baseline 0.004 -18"><span class='ocrx_word' id='word_1_379' title='bbox 134 2358 268 2394; x_wconf 80' lang='lat' dir='ltr'>lowicz.</span> <span class='ocrx_word' id='word_1_380' title='bbox 312 2360 521 2395; x_wconf 80' lang='lat' dir='ltr'>VVenceslao</span> <span class='ocrx_word' id='word_1_381' title='bbox 563 2366 596 2396; x_wconf 91' lang='lat' dir='ltr'>et</span> <span class='ocrx_word' id='word_1_382' title='bbox 625 2362 781 2396; x_wconf 76' lang='lat' dir='ltr'>Budislao</span> <span class='ocrx_word' id='word_1_383' title='bbox 823 2361 1015 2396; x_wconf 82' lang='lat' dir='ltr'>castellanis</span> <span class='ocrx_word' id='word_1_384' title='bbox 1058 2365 1179 2397; x_wconf 86' lang='lat' dir='ltr'>nostris</span> <span class='ocrx_word' id='word_1_385' title='bbox 1221 2363 1262 2397; x_wconf 87' lang='lat' dir='ltr'>de</span> <span class='ocrx_word' id='word_1_386' title='bbox 1303 2364 1479 2411; x_wconf 74' lang='lat' dir='ltr'>Pustymir.</span> <span class='ocrx_word' id='word_1_387' title='bbox 1524 2365 1666 2400; x_wconf 82' lang='lat' dir='ltr'>Nicolao</span> <span class='ocrx_word' id='word_1_388' title='bbox 1709 2367 1749 2401; x_wconf 87' lang='lat' dir='ltr'>de</span> <span class='ocrx_word' id='word_1_389' title='bbox 1793 2367 2017 2401; x_wconf 74' lang='lat' dir='ltr'>Czechowicz</span> 
     </span>
     <span class='ocr_line' id='line_1_35' title="bbox 133 2422 2015 2472; baseline 0.004 -16"><span class='ocrx_word' id='word_1_390' title='bbox 133 2424 294 2468; x_wconf 88' lang='lat' dir='ltr'>pincerna</span> <span class='ocrx_word' id='word_1_391' title='bbox 326 2426 452 2466; x_wconf 64' lang='lat' dir='ltr'>nostro,</span> <span class='ocrx_word' id='word_1_392' title='bbox 482 2422 622 2457; x_wconf 78' lang='lat' dir='ltr'>Nicotao</span> <span class='ocrx_word' id='word_1_393' title='bbox 652 2424 693 2457; x_wconf 90' lang='lat' dir='ltr'>dc</span> <span class='ocrx_word' id='word_1_394' title='bbox 723 2423 923 2457; x_wconf 82' lang='lat' dir='ltr'>Strhilsdorl&#39;</span> <span class='ocrx_word' id='word_1_395' title='bbox 948 2428 979 2457; x_wconf 88' lang='lat' dir='ltr'>et</span> <span class='ocrx_word' id='word_1_396' title='bbox 1008 2424 1080 2457; x_wconf 86' lang='lat' dir='ltr'>aliis</span> <span class='ocrx_word' id='word_1_397' title='bbox 1109 2424 1256 2470; x_wconf 90' lang='lat' dir='ltr'>pluribus</span> <span class='ocrx_word' id='word_1_398' title='bbox 1292 2425 1479 2472; x_wconf 75' lang='lat' dir='ltr'>fidedignis.</span> <span class='ocrx_word' id='word_1_399' title='bbox 1516 2427 1635 2462; x_wconf 90' lang='lat' dir='ltr'>Datum</span> <span class='ocrx_word' id='word_1_400' title='bbox 1672 2431 1702 2461; x_wconf 89' lang='lat' dir='ltr'>in</span> <span class='ocrx_word' id='word_1_401' title='bbox 1741 2428 1888 2462; x_wconf 84' lang='lat' dir='ltr'>Crcmsir</span> <span class='ocrx_word' id='word_1_402' title='bbox 1925 2440 2015 2463; x_wconf 85' lang='lat' dir='ltr'>anno</span> 
     </span>
    </p>
   </div>
   <div class='ocr_carea' id='block_1_7' title="bbox 135 2482 1027 2519">
    <p class='ocr_par' dir='ltr' id='par_1_7' title="bbox 135 2482 1027 2519">
     <span class='ocr_line' id='line_1_36' title="bbox 135 2482 1027 2519; baseline 0.002 -2"><span class='ocrx_word' id='word_1_403' title='bbox 135 2483 259 2517; x_wconf 91' lang='lat' dir='ltr'>domini</span> <span class='ocrx_word' id='word_1_404' title='bbox 287 2482 340 2517; x_wconf 63' lang='grc' dir='ltr'>ΜΟ</span> <span class='ocrx_word' id='word_1_405' title='bbox 368 2483 634 2519; x_wconf 84' lang='lat' dir='ltr'>Trecentesimo.</span> <span class='ocrx_word' id='word_1_406' title='bbox 665 2485 795 2519; x_wconf 61' lang='lat' dir='ltr'>xt&#39;1110</span> <span class='ocrx_word' id='word_1_407' title='bbox 824 2484 896 2519; x_wconf 83' lang='lat' dir='ltr'>Kal.</span> <span class='ocrx_word' id='word_1_408' title='bbox 926 2484 1027 2519; x_wconf 75' lang='grc' dir='ltr'>ι1111111.</span> 
     </span>
    </p>
   </div>
   <div class='ocr_carea' id='block_1_8' title="bbox 448 2564 2016 2605">
    <p class='ocr_par' dir='ltr' id='par_1_8' title="bbox 448 2564 2016 2605">
     <span class='ocr_line' id='line_1_37' title="bbox 448 2564 2016 2605; baseline 0.004 -15"><span class='ocrx_word' id='word_1_409' title='bbox 448 2564 482 2596; x_wconf 84' lang='grc' dir='ltr'>(Ε</span> <span class='ocrx_word' id='word_1_410' title='bbox 515 2564 581 2591; x_wconf 83' lang='lat' dir='ltr'>Cod.</span> <span class='ocrx_word' id='word_1_411' title='bbox 615 2565 820 2600; x_wconf 73' lang='lat' dir='ltr'>privilegiorum</span> <span class='ocrx_word' id='word_1_412' title='bbox 855 2566 1000 2592; x_wconf 76' lang='lat' dir='ltr'>chartaceo</span> <span class='ocrx_word' id='word_1_413' title='bbox 1035 2565 1079 2593; x_wconf 78' lang='grc'><strong>111.</strong></span> <span class='ocrx_word' id='word_1_414' title='bbox 1114 2566 1159 2593; x_wconf 76' lang='lat' dir='ltr'>sol.</span> <span class='ocrx_word' id='word_1_415' title='bbox 1188 2566 1271 2601; x_wconf 57' lang='lat'>105⁴.)</span> <span class='ocrx_word' id='word_1_416' title='bbox 1307 2568 1332 2595; x_wconf 87' lang='grc'>111</span> <span class='ocrx_word' id='word_1_417' title='bbox 1362 2569 1472 2596; x_wconf 67' lang='lat' dir='ltr'>archixo</span> <span class='ocrx_word' id='word_1_418' title='bbox 1506 2569 1616 2604; x_wconf 71' lang='lat' dir='ltr'>capituli</span> <span class='ocrx_word' id='word_1_419' title='bbox 1648 2569 1836 2596; x_wconf 74' lang='lat' dir='ltr'>otomucensis</span> <span class='ocrx_word' id='word_1_420' title='bbox 1870 2570 2016 2605; x_wconf 75' lang='lat' dir='ltr'>descripsit</span> 
     </span>
    </p>
   </div>
   <div class='ocr_carea' id='block_1_9' title="bbox 553 2618 771 2656">
    <p class='ocr_par' dir='ltr' id='par_1_9' title="bbox 553 2618 771 2656">
     <span class='ocr_line' id='line_1_38' title="bbox 553 2618 771 2656; baseline 0.005 -12"><span class='ocrx_word' id='word_1_421' title='bbox 553 2618 572 2644; x_wconf 74' lang='lat' dir='ltr'>A</span> <span class='ocrx_word' id='word_1_422' title='bbox 579 2621 614 2644; x_wconf 92' lang='lat' dir='ltr'>nt.</span> <span class='ocrx_word' id='word_1_423' title='bbox 640 2618 771 2656; x_wconf 68' lang='lat' dir='ltr'>Boc-zeh).</span> 
     </span>
    </p>
   </div>
   <div class='ocr_carea' id='block_1_10' title="bbox 1748 2726 1803 2755">
    <p class='ocr_par' dir='ltr' id='par_1_10' title="bbox 1748 2726 1803 2755">
     <span class='ocr_line' id='line_1_39' title="bbox 1748 2726 1803 2755; baseline 0 0"><span class='ocrx_word' id='word_1_424' title='bbox 1748 2726 1803 2755; x_wconf 67' lang='lat'>14*</span> 
     </span>
    </p>
   </div>
  </div>
 </body>
</html>
