2325 2941
1151 272 1315 307 CCXXII.

309 356 497 390 Pom-adas.
528 355 710 398 episeopus
742 353 984 395 olomucensis,
1014 353 1192 397 confirmat
1221 351 1482 386 translationem
1502 354 1633 397 jurium
1657 353 1928 398 parrochiale'um
1953 353 1996 388 ab
2018 354 2166 388 ecclesia

305 418 335 451 Ι).
365 417 490 450 Merite
520 417 551 448 ῖη
581 414 739 460 Antiqua
768 414 889 448 Bruno
918 414 964 447 (td
991 414 1159 447 ecelesias
1188 413 1227 447 S.
1262 413 1462 449 wenceslai
1488 414 1607 448 ibidem
1637 418 1671 448 et
1701 417 1732 448 ῖη
1761 415 1844 448 cillo
1873 416 2007 449 Ιιόηιίη.
2043 416 2104 450 Dt.
2135 417 2166 449 iu

1018 474 1189 517 Olomucz,
1220 486 1309 508 αηηο
1340 473 1450 508 1323.

477 544 674 597 conradus
713 562 764 597 dei
801 564 916 607 gracia
948 561 1180 595 Olomncensis
1209 561 1395 608 Episcopus
1429 561 1604 597 Vniuersis
1640 562 1758 597 Christi
1794 562 1944 597 fidelibus
1979 569 2166 609 presentem

309 629 464 672 paginam
493 627 691 671 inspecturis
708 624 855 658 Salutem
880 626 911 657 in
927 622 1071 657 Domino
1100 626 1346 669 sempiternam.
1376 623 1463 656 Dum
1491 624 1641 669 precelsa
1670 627 1861 658 meritorum
1880 627 2023 671 insignia
2053 625 2168 670 quibus

304 688 435 732 Regina
465 685 623 720 celorum.
660 688 758 729 virgo
788 684 839 718 dei
875 687 1021 729 genitrix
1056 684 1216 729 gloriosa,
1253 683 1388 718 sedibus
1415 684 1543 730 prelata
1573 685 1737 731 sydereis.
1768 688 1861 731 quasi
1891 685 1983 719 stella
2012 689 2168 720 matutina

304 747 482 794 prerutilat.
513 747 632 781 deuote
660 746 946 780 consideracionis
976 745 1133 790 indagine
1168 749 1426 791 perscrutamur,
1462 745 1549 779 Dum
1584 749 1690 779 eciain
1724 749 1807 780 intra
1847 749 1994 792 pectoris
2024 746 2168 780 archana

304 809 517 851 reuoluimus.
548 807 635 852 quod
663 809 746 853 ipsa,
776 811 890 853 vtpote
920 811 1025 840 mater
1053 809 1182 852 pietatis
1211 811 1242 840 et
1262 809 1378 851 gracie
1407 805 1540 840 humani
1569 810 1705 851 generis
1730 807 1947 845 consolatrix„
1976 818 2036 854 pro
2065 807 2169 842 salute

304 870 446 904 lidelinm
475 868 617 915 peruigil
646 871 819 902 exoratrix
856 867 896 901 ad
924 868 1054 913 Regem
1091 879 1186 913 quem
1217 870 1332 912 genuit
1360 867 1551 911 intercedit.
1589 867 1735 913 Dignum
1773 880 1849 902 esse
1887 871 2111 914 conspicimus
2139 873 2170 902 et

303 931 556 966 saluberrinnun
590 930 803 972 arbitramur.
842 933 878 963 vt
909 927 942 963 in
979 929 1132 973 ecclesiJs
1169 928 1209 962 ad
1244 931 1294 963 sui
1328 929 1458 963 laudem
1493 932 1636 963 nominis
1671 929 1828 963 dedicatis
1865 929 2022 963 Diuinuni
2050 929 2170 964 cultum

303 992 474 1026 intendere
509 996 539 1025 et
575 1002 701 1036 augere
736 993 847 1024 uotiue
884 990 1074 1025 volencium
1117 990 1322 1027 voluntates.
1357 989 1529 1024 fauoribus
1565 990 1681 1036 quibus
1711 1002 1888 1036 possumus
1928 993 2170 1037 prosequimur.

304 1054 385 1088 Cvm
424 1056 534 1098 itaque
565 1052 788 1086 Serenissiina
824 1051 956 1085 domina
985 1051 1156 1085 Elizabeth
1191 1051 1355 1097 quondam
1384 1051 1522 1085 Boemie
1558 1051 1761 1085 etPolonie
1796 1052 1927 1097 Regina
1961 1052 2002 1086 de
2037 1054 2171 1098 propria

305 1115 408 1149 salute
438 1117 601 1155 cogitans.
632 1118 664 1147 et
691 1116 829 1159 cupiens
858 1117 992 1146 terrena
1021 1124 1080 1159 pro
1110 1112 1289 1147 celestibus
1318 1117 1350 1146 et
1378 1115 1567 1147 transitoria
1596 1124 1656 1159 pro
1677 1116 1800 1147 eternis
1822 1112 1945 1148 salubri
1968 1116 2195 1148 commercio.

305 1180 519 1213 comnmtare.
550 1174 645 1209 nobis
674 1186 747 1208 cuin
776 1177 939 1209 instancia
969 1174 1128 1208 deuocius
1157 1174 1365 1220 supplicanit.
1384 1174 1555 1215 Quatenus
1584 1185 1658 1208 cum
1687 1177 1758 1220 ipsa
1788 1174 2029 1220 parrochialem
2055 1174 2173 1208 eccle-

305 1240 388 1271 siam
417 1241 531 1271 sancte
559 1236 665 1270 Marie
694 1239 726 1269 in
756 1239 888 1281 antiqua
918 1235 1064 1274 Brunna.
1101 1238 1195 1270 cuius
1231 1235 1271 1269 ad
1305 1238 1409 1281 ipsam
1444 1238 1690 1281 iuspatronatus
1719 1238 1886 1281 pertinere
1916 1235 2109 1278 dinoscitur,
2139 1239 2170 1269 in

304 1298 539 1332 Monasteriuni
563 1297 873 1335 sanctimonialium,
903 1297 1028 1331 ordinis
1052 1296 1309 1343 Cysterciensis.
1340 1299 1472 1341 erigere
1501 1301 1531 1330 et
1560 1297 1726 1332 ordinare.
1758 1308 1796 1330 ac
1819 1296 2012 1331 Monasticis
2032 1297 2172 1341 Regulis

305 1360 483 1393 insmunarc
513 1358 641 1404 sibique
671 1359 711 1392 de
732 1358 926 1392 Redditibus
956 1358 1195 1392 sufficientibus
1224 1358 1401 1404 prouidere
1427 1358 1624 1397 decreuerit..
1642 1357 1783 1392 Necnon
1806 1358 1903 1391 aliam
1929 1357 2172 1404 parrochialem

303 1421 480 1455 ecclesiam
511 1420 551 1454 de
580 1431 668 1454 nouo
697 1423 730 1453 in
759 1420 837 1454 villa
867 1419 1030 1463 Cx'iueiiu,
1060 1431 1123 1465 que
1153 1419 1193 1453 de
1222 1419 1317 1465 plebe
1352 1419 1436 1453 dicte
1465 1419 1610 1453 ecclesie
1646 1418 1807 1453 hactenus
1840 1419 1945 1453 fuisse
1979 1419 2172 1459 dinoscitur,

303 1485 371 1516 suis
400 1486 595 1515 construere
624 1481 818 1527 sumptibus.
849 1480 889 1514 de
918 1485 1030 1515 nostra
1055 1485 1164 1514 tamen
1187 1481 1318 1514 licentia
1345 1480 1562 1514 inchoauerit.
1619 1480 1698 1514 Jura
1734 1480 1956 1526 parrochialia
1986 1479 2026 1514 de
2056 1479 2172 1514 eadem

303 1543 448 1577 ecclesia
478 1547 593 1577 sancte
620 1542 742 1581 Marte.
773 1542 813 1576 ad
843 1542 1020 1576 ecclesiam
1058 1545 1090 1575 in
1121 1541 1263 1576 vaein
1299 1542 1498 1584 transferre.
1537 1546 1569 1575 et
1606 1544 1822 1587 incorporare
1858 1544 1889 1575 in
1919 1546 2113 1588 perpetuum
2142 1546 2174 1576 et

304 1607 410 1647 vnn-e.
440 1608 617 1649 certosque
645 1603 805 1637 Redditus
837 1606 897 1649 ipsi
925 1603 1069 1637 ecclesie
1098 1608 1213 1637 sancte
1241 1602 1347 1637 Marie
1385 1614 1575 1645 reseruare7
1612 1607 1644 1636 et
1678 1602 1763 1636 dicte
1797 1605 1966 1637 ereccioni
2003 1613 2069 1637 vna
2098 1613 2172 1636 cum

305 1665 454 1711 Capitulo
485 1665 699 1699 Olomucensi
728 1667 918 1699 consentire
947 1663 1174 1698 fauorabiliter
1202 1664 1427 1708 dignaremur.
1458 1663 1542 1707 Nos„
1571 1667 1625 1709 qui
1655 1666 1757 1710 ipsius
1787 1663 1919 1698 domine
1947 1663 2080 1708 Regine
2108 1663 2173 1697 de-

306 1731 416 1760 uotum
445 1729 649 1772 primosituin
678 1729 710 1760 in
739 1726 872 1759 domino
895 1725 1114 1771 multiplieiter
1135 1725 1418 1767 commendamus„
1449 1728 1520 1759 eius
1549 1727 1611 1771 pijs
1633 1725 1807 1770 desiderijs
1830 1736 2004 1759 assensum
2025 1728 2172 1758 nostruin

308 1787 447 1833 prebere
478 1787 606 1821 facilem
630 1790 813 1833 cupientes,
844 1789 1062 1833 perspicatius
1085 1786 1301 1822 aducrtendo.
1324 1787 1410 1831 quod
1432 1786 1518 1820 bone
1539 1789 1586 1821 rei
1615 1786 1694 1823 dare
1719 1786 1903 1820 consultum
1933 1790 1983 1820 est
2010 1787 2173 1831 presentis

308 1851 374 1881 vite
403 1851 550 1894 reperire
579 1848 778 1886 subsidium.
808 1853 842 1882 et
878 1853 993 1882 eterne
1030 1850 1315 1882 rennmeracionis
1351 1850 1512 1894 premium
1540 1852 1739 1894 expectare.
1771 1847 1933 1893 Quodque
1961 1858 2005 1881 ex
2033 1846 2174 1880 ordina-

306 1912 403 1943 cione
433 1914 463 1942 ct
492 1912 671 1943 ereccione
700 1909 885 1943 huiusmodi
914 1910 1020 1943 cultus
1053 1909 1152 1943 diuini
1182 1912 1325 1943 nominis
1348 1909 1521 1943 euidenter
1542 1908 1728 1954 augebitur.
1759 1913 1791 1942 et
1818 1907 2028 1955 perampliori
2051 1907 2173 1941 decore

307 1969 522 2015 resplendere
551 1973 671 2016 poterit
699 1970 772 2004 aula
802 1970 866 2013 (lei,
897 1970 937 2004 de
966 1973 1069 2005 nostri
1100 1970 1333 2004 Olomucensis
1359 1970 1496 2016 Capituli
1527 1973 1741 2004 conninentia
1771 1973 1803 2003 et
1831 1979 1983 2011 assensu,
2013 1967 2172 2012 Diligenti

308 2030 553 2065 deliberacione
582 2036 614 2065 et
642 2036 778 2065 tractatu
814 2032 987 2077 sollempni
1022 2031 1214 2077 preliabitis,
1250 2031 1472 2069 decernimus„
1503 2034 1687 2074 statuimus,
1717 2035 1749 2065 et
1783 2029 1986 2067 ordinamus.
2015 2033 2051 2064 vt
2086 2029 2172 2063 dicta

309 2092 452 2126 eeclesia
476 2091 601 2125 Sancte
623 2092 727 2126 Mai-ie
757 2096 787 2126 in
818 2096 867 2127 ius
890 2097 921 2127 et
943 2097 1094 2127 naturam
1116 2092 1309 2136 Monasterij
1341 2096 1498 2127 transeat.
1521 2104 1560 2126 ac
1590 2095 1660 2138 ipsa
1682 2091 1921 2126 llIonasteriuin
1946 2102 2005 2125 seu
2028 2090 2172 2125 ecclesia

308 2153 545 2187 Conuentualis
574 2156 705 2189 existat.
736 2158 767 2187 et
795 2166 928 2200 semper
957 2157 1026 2188 iure
1056 2166 1094 2188 ac
1124 2153 1250 2187 honore
1278 2152 1470 2198 Monasterij
1502 2153 1658 2187 dccetero
1688 2155 1838 2198 pociatnr
1866 2151 1907 2185 ab
1936 2151 2053 2185 eadem
2078 2152 2174 2186 Con-

308 2214 452 2248 uentuali
481 2213 624 2247 ecclesia
654 2226 711 2247 seu
741 2214 946 2249 Monasterio
977 2218 1045 2249 iura
1076 2214 1295 2261 parrochialia
1331 2214 1371 2248 ad
1409 2215 1586 2248 ecclesiam
1623 2216 1653 2247 in
1691 2213 1845 2252 vaein.
1883 2223 1948 2258 que
1983 2213 2024 2247 de
2059 2217 2172 2248 nostra

309 2276 437 2309 licentia
467 2274 650 2321 sumptibus
679 2274 763 2308 dicte
792 2275 924 2310 domine
954 2276 1085 2319 Regino
1113 2279 1325 2310 construitur.
1357 2276 1607 2311 transferentes.
1645 2277 1714 2319 ipsa
1744 2273 1804 2308 sibi
1834 2276 1867 2307 in
1896 2274 2112 2321 cooperando
2140 2278 2173 2308 et

308 2335 616 2370 incommutabiliter
637 2335 795 2373 vniendo,
819 2336 990 2377 Nolentes,
1017 2342 1052 2371 vt
1073 2337 1190 2371 eadem
1213 2337 1355 2371 ecclesia
1378 2337 1549 2382 deinceps.
1573 2334 1791 2381 parrochialis
1807 2335 1950 2371 ecclesia
1973 2338 2005 2369 in
2020 2334 2173 2370 omnibus

308 2400 375 2431 suis
404 2396 529 2431 iuribus
558 2400 747 2435 censeatur,
777 2396 817 2430 Et
846 2401 878 2430 ut
913 2400 1017 2443 ipsam
1051 2398 1152 2432 veluti
1188 2409 1281 2432 suani
1314 2397 1535 2443 parrochiam,
1571 2400 1604 2430 et
1638 2396 1786 2430 eiusdem
1820 2399 1852 2430 in
1888 2395 2031 2431 vaein
2065 2407 2105 2430 ac
2139 2398 2172 2430 in

307 2457 502 2501 Judendors,
533 2469 571 2492 ac
601 2460 633 2491 in
662 2457 870 2499 Zebrawiez,
901 2462 932 2491 et
961 2461 991 2492 in
1020 2458 1152 2493 Manicz
1181 2459 1332 2493 villarum
1368 2458 1518 2492 homines
1547 2468 1606 2503 pro
1636 2457 1809 2491 audiendis
1838 2457 1957 2492 diuinis
1991 2461 2024 2491 et
2057 2460 2173 2503 perci—

310 2518 435 2564 piendis
464 2519 702 2553 ecelesiasticis
731 2521 959 2561 sacramentis.
990 2522 1021 2552 in
1051 2524 1244 2566 perpetuum
1275 2519 1437 2553 accedere
1467 2522 1652 2552 tencantur.
1709 2518 1834 2552 Rector
1862 2529 1994 2564 quoque
2022 2517 2172 2553 eiusdem

309 2579 452 2613 ecclesie
482 2583 534 2625 qui
564 2591 623 2625 pro
653 2584 800 2625 tempore
831 2579 938 2619 suerit.
968 2579 1008 2613 ab
1045 2580 1230 2614 hominibus
1266 2581 1351 2614 dicte
1386 2579 1462 2613 ville
1498 2581 1529 2612 in
1562 2578 1716 2616 Gvniein.
1747 2582 1799 2624 qui
1837 2579 1996 2614 hactenus
2024 2590 2083 2625 per
2111 2581 2171 2613 tria

308 2642 434 2685 capicia
463 2641 705 2686 perfflilueriiiit,
736 2640 776 2674 de
805 2639 950 2685 quolibet
980 2640 1076 2674 laneo
1105 2653 1147 2675 ex
1178 2653 1265 2675 nunc
1294 2643 1325 2674 in
1355 2644 1464 2682 antea,
1494 2639 1534 2673 de
1571 2643 1689 2681 tritico,
1726 2641 1858 2686 siligine
1894 2645 1926 2675 et
1959 2651 2079 2684 auena,
2115 2642 2172 2673 in—
