2325 2941
1204 137 1277 172 234

312 259 492 289 arrestatus
520 253 615 287 fuerit
645 263 740 286 suum
769 254 950 298 emptitium
978 251 1064 297 quod
1092 251 1277 296 wlgariter
1305 254 1377 285 sein
1404 251 1559 296 gestolen
1588 251 1706 285 dicitur
1733 252 1775 286 ad
1801 252 1963 299 prefatam
1992 256 2170 297 ciuitatem,

312 319 366 361 qui
394 327 453 362 per
480 325 555 348 eum
582 316 770 347 nominatus
798 312 908 357 fuerit,
937 317 1082 347 statuere
1111 317 1142 346 et
1170 312 1336 346 adducere
1365 312 1473 357 debet,
1503 317 1535 347 et
1562 312 1683 347 ibidem
1710 313 1848 359 placiter
1875 325 1988 348 coram
2009 314 2172 348 aduocato

312 382 342 411 et
372 378 483 410 iuratis
512 374 658 420 predicte
688 377 828 408 ciuitatis
856 385 916 420 pro
944 378 1021 407 tunc
1050 376 1233 407 constitutis
1262 373 1381 407 dictam
1410 385 1544 408 causam
1566 373 1867 408 iurisdictionaliter
1882 374 1979 409 debet
1993 378 2172 409 terminare

311 442 342 471 et
370 446 538 481 nunquam
566 435 606 469 de
635 440 747 469 cetero
777 435 904 480 aliquis
934 437 988 480 qui
1016 445 1121 479 equos
1149 446 1228 469 suos
1257 434 1319 468 sihi
1346 439 1381 468 ut
1408 435 1586 481 predicitur
1615 435 1743 469 ablatos
1772 438 1996 479 arrestauerit,
2029 436 2171 470 eundem

311 498 351 532 de
386 496 504 531 eadem
538 499 688 539 ciuitate,
731 508 790 530 seu
831 495 950 542 oppido
986 498 1075 530 circa
1109 507 1205 541 quem
1241 500 1423 530 arrestatus
1457 495 1558 530 fuerit
1591 496 1632 530 ad
1670 496 1751 530 alias
1793 499 1944 531 ciuitates
1979 507 2038 531 seu
2065 501 2173 531 terras

310 561 405 603 sequi
441 557 560 592 debeat
595 562 627 591 et
661 561 801 591 tenetur.
845 556 882 590 In
919 559 1013 590 cuius
1046 560 1094 590 rei
1132 560 1355 591 testimonium
1396 562 1570 603 presentes
1605 558 1717 591 literas
1751 556 1822 591 fieri
1850 561 1884 591 et
1916 557 2024 602 sigillo
2058 562 2173 591 nostre

311 622 492 653 maiestatis
527 621 682 652 iussimus
718 620 925 651 communiri.
962 617 1083 651 Datum
1117 620 1150 652 in
1185 618 1404 652 Wratislauia
1447 629 1534 653 anno
1570 618 1692 652 domini
1734 618 1907 652 millesimo
1939 621 2172 652 trecentesimo

310 683 475 725 vigesimo
504 684 600 715 sexto
628 689 809 724 regnorum
836 690 920 713 vero
948 683 1137 713 nostrorum
1166 690 1253 713 anno
1283 682 1395 725 quinto
1424 679 1564 713 decimo.

622 767 675 797 (Ex
705 766 829 802 originali
859 776 916 793 cum
941 766 1033 801 sigillo
1058 767 1176 802 equestri
1200 766 1308 801 integro
1333 767 1359 794 in
1384 767 1493 794 archivo
1519 767 1639 801 ejusdem
1671 767 1787 794 cixitatis
1811 766 1929 802 copias-it
1954 766 2016 793 Ant.
2043 766 2174 799 Boczek.)

1179 879 1303 914 CCCII.

311 951 482 985 Henrz‘cus
524 951 565 984 de
606 950 692 995 Εἶρα
729 951 834 985 donat
874 952 1083 984 monasterio
1125 950 1227 984 Anlse
1256 950 1294 984 S.
1325 951 1449 985 Marioe
1490 952 1524 984 v'n
1565 951 1722 996 Antiqua
1760 950 1881 984 Brutia
1907 952 2175 995 Juspatronalus

594 1012 751 1046 ecclesiae
780 1013 813 1045 ῐιι
847 1011 1076 1056 ll'olfiwm'tz.
1109 1011 1238 1045 Datum
1266 1011 1406 1055 Brume7
1435 1012 1558 1046 Nonas
1585 1012 1750 1046 ,Ianuarii
1777 1010 1889 1046 1326.

481 1089 571 1142 Ros
600 1108 777 1142 Heinricus
807 1108 847 1142 de
876 1108 968 1154 Lipa.
1000 1108 1202 1155 Capitaneus
1230 1108 1393 1153 Moraiiie,
1424 1108 1580 1143 Summus
1609 1100 1720 1153 Regni
1748 1108 1908 1143 Bohemie
1936 1107 2176 1152 Marsehalcus,

310 1169 350 1203 ad
384 1173 621 1204 vniuersorum
663 1172 819 1203 noticiam
854 1170 1008 1204 volumus
1050 1173 1292 1217 imperpetuum
1326 1173 1524 1217 peruenire‚
1563 1170 1659 1212 Quod
1699 1182 1761 1204 nos
1802 1173 1914 1216 iugem
1957 1169 2177 1203 deuocionem

311 1231 510 1276 diuersaque
550 1233 704 1264 virtutum
740 1233 907 1264 exercicia
947 1231 1207 1265 deodeuotarum
1252 1234 1421 1277 virginum
1455 1235 1487 1265 in
1519 1231 1743 1275 MonasteriQ
1786 1231 1873 1266 Aula
1915 1236 2030 1266 sancte
2071 1230 2178 1265 Maria

310 1292 408 1325 dicto.
440 1295 471 1325 in
505 1291 662 1325 suburbio
706 1292 854 1326 Ciuitatis
892 1292 1026 1326 Brunne
1055 1296 1185 1330 situato,
1230 1292 1364 1327 Ordinis
1393 1292 1651 1339 Cysterciensis‚
1689 1296 1805 1338 sagaci
1832 1290 2092 1327 mentis'nostre
2120 1294 2178 1325 in-

311 1357 440 1387 tuentes
469 1353 565 1386 oculo
595 1364 709 1386 earum
739 1353 959 1387 deuocionum
989 1353 1183 1400 aliqualibus
1212 1354 1450 1388 beneficiorum
1478 1354 1643 1400 inpendijs
1672 1357 1915 1400 conparticipes
1944 1352 2014 1387 Nos
2042 1353 2177 1387 efficere

310 1417 493 1460 cupientes,
532 1413 793 1448 Considerantes
835 1426 896 1460 per
923 1414 985 1448 hoc
1023 1420 1136 1449 nostre
1170 1420 1201 1449 et
1229 1415 1518 1461 predecessorum
1549 1427 1587 1449 ac
1618 1426 1852 1449 successorum
1882 1419 2070 1449 nostrorum
2099 1417 2178 1448 ani-

310 1486 436 1508 marum
471 1475 665 1518 remedium„
708 1478 779 1509 siue
821 1476 1013 1510 memoriale
1042 1481 1237 1522 perpetuum
1267 1476 1398 1522 aliquod
1426 1488 1526 1523 posse
1555 1476 1731 1511 salubriter
1759 1476 1917 1520 ordinari,
1951 1475 2178 1510 Collacionem

310 1539 381 1569 siue
415 1536 670 1582 Juspatronatus
713 1536 865 1570 Ecclesie
902 1537 1121 1583 parrochialis
1157 1541 1189 1571 in
1217 1537 1439 1571 Wolsramicz
1472 1541 1562 1572 omni
1589 1537 1670 1572 Jure
1705 1550 1744 1572 ae
1778 1537 1941 1582 libertate,
1984 1537 2101 1583 quibus
2137 1535 2178 1570 ad

310 1596 379 1631 Nos
408 1601 440 1631 et
468 1597 620 1631 Heredes
662 1602 795 1631 nostros
833 1603 986 1644 spectare
1015 1598 1208 1643 dinoscitur,
1245 1599 1286 1633 de
1315 1610 1483 1633 consensu
1513 1604 1545 1633 et
1573 1611 1617 1633 ex
1646 1604 1740 1633 certa
1769 1602 1914 1634 sciencia
1942 1598 2083 1633 filiorum
2110 1608 2178 1632 110-

310 1662 452 1692 strorum
482 1658 676 1692 dilectorum
704 1659 860 1693 videlicet
888 1659 1035 1694 lleinrici
1064 1664 1095 1694 et
1122 1660 1298 1703 Jolmnnis,
1328 1660 1422 1694 dictis
1451 1660 1586 1695 domine
1613 1660 1809 1705 Abbastsse,
1839 1664 1872 1695 et
1893 1663 1973 1706 ipsis
1991 1658 2177 1705 virginIbus

313 1731 350 1751 a(-
379 1718 587 1753 Monastcrio
617 1720 704 1753 Aula
734 1725 849 1754 sancte
886 1720 992 1754 Mai-ie
1028 1720 1126 1765 dicto,
1163 1724 1315 1768 superius
1352 1733 1529 1768 expresso.
1559 1721 1676 1756 damus
1705 1726 1737 1756 et
1765 1721 1983 1756 conferrimus
2012 1723 2043 1754 in
2071 1723 2177 1766 ipsam

316 1779 540 1823 Abbatissam,
584 1792 647 1825 que
689 1792 748 1827 pro
787 1786 935 1827 tempore
972 1781 1080 1816 fuerit.
1117 1787 1149 1816 et
1178 1782 1384 1817 Conuentum
1414 1783 1489 1816 dicti
1518 1782 1710 1827 Monasterij
1748 1794 1847 1817 omne
1875 1782 1934 1817 Jus
1964 1781 2175 1823 Collacionis,

312 1843 383 1873 siue
411 1840 667 1887 Juspatronatus
698 1842 846 1888 predicte
874 1842 1027 1877 Ecclesie
1055 1843 1276 1878 Parrochialis
1305 1847 1336 1878 iu
1365 1843 1587 1878 wolframicz
1615 1849 1743 1887 nostro,
1780 1844 1937 1878 heredum
1966 1854 2006 1877 ac
2033 1853 2178 1877 succes—

311 1912 422 1935 sorum
453 1907 642 1936 nostrorum
673 1906 807 1937 nomine
837 1904 1096 1939 transfundimus
1125 1909 1157 1939 et
1184 1904 1416 1939 transferimus
1459 1905 1557 1952 pleno
1585 1905 1666 1939 Jure
1701 1905 1819 1940 dantes
1848 1908 1910 1952 ipsi
1936 1903 2118 1938 Abbatisse
2146 1907 2179 1937 et

312 1961 496 1996 Conuentui
526 1963 720 2009 Monasterij
752 1964 869 2011 prefati
902 1965 1158 2012 Juspatronatus
1195 1969 1266 2001 siue
1309 1966 1534 2001 Collacionem
1570 1966 1724 2001 Ecclesie
1759 1966 1905 2013 predicte
1934 1968 1965 1999 in
1992 1975 2094 1999 Vnam
2122 1964 2178 1999 vel

313 2025 343 2056 in
373 2023 483 2069 plures
512 2035 686 2070 personas.
730 2030 785 2060 aut
823 2029 852 2062 ei
881 2027 936 2061 vel
965 2030 1013 2061 eis
1042 2027 1249 2071 conserendi,
1293 2033 1347 2062 aut
1375 2031 1407 2062 in
1443 2028 1525 2062 alios
1560 2031 1632 2074 pios
1667 2039 1749 2063 vsus
1783 2025 2010 2070 conuertendi‚
2046 2030 2078 2060 et
2114 2026 2178 2060 alio

312 2087 430 2128 quouis
466 2084 565 2118 modo
607 2097 665 2131 pro
705 2098 764 2121 suo
802 2087 891 2122 libito
919 2087 1075 2132 faciendi‚
1119 2091 1191 2123 sine
1232 2093 1346 2123 nostra
1384 2088 1543 2123 heredum
1579 2101 1618 2124 ae
1647 2099 1878 2124 successorum
1906 2092 2095 2122 nostrorum
2123 2092 2180 2122 aut

312 2145 445 2179 alterius
474 2145 648 2180 cuiuslibet
676 2148 947 2183 contradiccione
975 2154 1135 2196 perpetuo
1164 2150 1295 2196 plenam
1325 2155 1356 2184 ct
1384 2150 1521 2185 liberam
1559 2155 1766 2197 potestatem.
1809 2148 1845 2183 In
1881 2152 1974 2183 cuius
2002 2152 2051 2183 rei
2079 2152 2180 2184 testi-

313 2208 457 2240 monium
493 2210 525 2240 et
559 2206 661 2240 robur
702 2214 861 2255 perpetuo
900 2211 1075 2245 valiturum
1117 2216 1292 2258 presentes
1322 2212 1433 2246 literas
1462 2211 1573 2256 scribi,
1616 2216 1648 2245 et
1682 2210 1798 2255 sigillis
1831 2215 1945 2244 nostro
1981 2215 2013 2245 et
2040 2210 2180 2245 filiorum

312 2271 500 2301 nostrorum
529 2266 677 2302 Heinrici
707 2274 739 2303 et
766 2270 929 2305 Johannis
958 2275 1110 2318 superius
1139 2284 1377 2319 expressorum
1407 2276 1561 2307 iussimus
1590 2274 1797 2311 communiri,
1840 2271 1881 2306 Et
1908 2283 1970 2307 nos
2002 2271 2180 2308 Heinricns

311 2327 462 2372 Juuenis,
492 2333 525 2363 et
552 2328 724 2363 Johannes
754 2330 828 2365 dicti
857 2332 897 2366 ‹le
925 2332 1005 2379 Lipa
1035 2333 1189 2368 omnihus
1217 2337 1449 2381 suprascriptis
1478 2343 1679 2368 consensum
1707 2337 1739 2367 et
1767 2336 2020 2368 conniuenciam
2048 2333 2180 2381 plenam

312 2393 511 2434 prestantes‚
542 2390 649 2435 sigilla
680 2395 792 2425 nostra
822 2403 865 2425 ex
895 2398 985 2427 certa
1013 2399 1126 2429 nostra
1156 2398 1302 2429 sciencia
1332 2398 1364 2429 in
1387 2397 1545 2429 maiorem
1567 2393 1774 2427 euidenciam
1790 2393 1931 2429 fecimus
1947 2394 2010 2440 hijs
2025 2394 2177 2442 appendi.

313 2449 434 2484 Actum
464 2455 497 2485 et
524 2450 645 2486 Datum
673 2451 809 2486 Brunne
839 2453 939 2487 Anno
968 2454 1092 2490 domini
1120 2456 1296 2491 Millesimo
1317 2456 1569 2491 Trecentesimo
1585 2457 1745 2489 vicesimo
1761 2460 1870 2499 sexto,
1887 2455 2002 2491 Nonas
2016 2455 2178 2502 Januarij.

625 2548 714 2584 (ΘΙ-ἐς.
732 2549 876 2576 membran.
903 2559 960 2576 cum
986 2551 1028 2578 ΙΙΙ.
1054 2552 1152 2587 sigillis
1178 2554 1246 2580 bene
1271 2552 1439 2580 conservatis
1470 2552 1494 2578 in
1520 2551 1628 2579 archivo
1647 2552 1803 2580 monasterii
1825 2554 1912 2589 „Auia
1926 2554 1954 2581 S.
1979 2553 2086 2590 Matiqst
2112 2554 2181 2590 apud

733 2602 762 2629 C.
787 2602 816 2629 R.
843 2602 958 2630 Gubern.
987 2603 1077 2630 Brunne
1102 2606 1150 2632 sub
1176 2605 1214 2633 iit.
1240 2605 1271 2633 K.
1297 2615 1321 2632 n.
1346 2605 1390 2640 8.)
