2341 3005
1018 169 1111 225 Ἡ97

146 287 387 335 presentabunt
417 315 423 321 .
457 287 495 322 Et
524 288 636 333 eguali
666 296 975 326 cursusuccessox·
1003 288 1076 320 siue
1104 296 1326 320 successores
1368 287 1541 319 memorati
1585 285 1670 320 Petri
1714 289 1746 320 in
1790 286 1889 321 domo
1932 290 2036 335 ipsius

147 350 325 396 disponent
352 360 456 384 vnum
486 360 646 395 grossum
689 348 824 382 domino
853 347 1092 382 archidiacono
1135 346 1243 381 eidem
1273 346 1368 381 saluo
1411 351 1523 381 tamen
1560 358 1620 381 suo
1649 359 1765 382 censu.
1803 348 1862 383 Cui
1894 354 2037 397 utraque

147 412 266 446 domus
294 415 480 446 memorate
508 422 569 446 sue
598 421 678 445 aree
708 438 715 444 .
746 414 779 444 ct
807 421 881 444 mea
913 437 919 444 .
951 413 982 444 et
1010 411 1095 456 petri
1124 411 1189 443 mei
1217 410 1303 454 socij
1333 409 1452 454 vicarij
1482 408 1602 455 prefati
1628 437 1634 443 .
1658 421 1720 456 per
1740 410 1902 445 lottonem
1931 423 2036 446 vnum

147 473 288 519 singulis
331 476 428 508 annis
459 501 465 507 .
495 484 557 520 per
597 476 749 507 nostrum
792 482 1026 507 successorem
1069 475 1101 506 et
1143 481 1364 506 successores
1407 473 1500 504 etin
1542 471 1689 518 quolibet
1731 472 1895 519 aportabit
1925 502 1932 508 .
1963 476 2036 508 iure

147 546 271 570 census
314 537 422 570 tocius
465 539 498 569 et
525 545 570 569 ex
611 536 756 579 integro.
800 533 871 568 Hec
914 538 1025 568 autem
1066 535 1252 580 prescripta
1296 531 1428 578 singula
1471 532 1656 567 ordinanda
1688 561 1695 567 .
1725 534 1933 581 disponenda
1965 563 1972 570 .
2002 540 2035 570 et

149 596 350 642 exequenda
381 624 388 630 .
418 606 495 631 meo
537 598 728 631 successori
771 598 941 630 committo
984 597 1016 629 in
1051 598 1246 642 perpetuum
1289 594 1549 641 procurandum.
1580 594 1620 629 Et
1660 599 1698 629 vt
1739 595 1802 630 hec
1830 599 2034 643 procuracio

148 658 377 693 ordinacionis
405 661 567 705 perpetua
596 656 774 692 stabilitate
803 660 908 704 possit
937 656 1045 691 fulciri
1077 685 1083 691 .
1114 656 1232 702 sigillis
1260 656 1439 691 reuerendi
1468 668 1508 691 ac
1544 656 1750 691 venerabilis
1785 658 1908 693 domiui
1939 658 2035 694 Con-

150 719 221 754 radi
251 748 258 754 .
289 721 439 767 episcopi
469 717 704 754 Olomucensis
734 747 741 753 .
773 721 948 765 tociusque
976 718 1111 765 capituli
1129 747 1135 752 .
1154 722 1187 753 et
1215 717 1339 752 domini
1369 718 1610 765 archidyaconi
1629 747 1635 753 .
1653 721 1806 763 magistri
1835 719 2000 756 Johanuis
2025 749 2032 755 .

150 792 294 828 presens
336 783 495 827 scriptum
537 780 616 815 duxi
658 783 834 815 comuniri.
878 781 965 815 Acta
995 784 1071 816 sunt
1098 780 1161 815 hec
1204 791 1292 814 anno
1336 779 1471 815 domiui.
1501 779 1791 815 MO.CCC.XV111.
1823 782 2034 828 presentibus

149 843 293 878 dominis
324 870 330 876 .
363 870 369 876 .
406 841 580 877 Jenczone
622 841 751 877 decano
787 871 792 876 .
825 842 981 877 Sborone
1023 845 1194 889 preposito
1231 870 1238 876 .
1268 845 1433 887 magistro
1475 842 1632 877 Johanne
1675 842 1926 889 archidyacono
1966 873 1972 879 .
2003 849 2035 879 et

149 916 248 951 quam
276 905 350 950 alijs
378 903 527 950 pluribus
555 907 729 939 canonicis
757 907 840 939 viris
870 904 1024 951 ydoneis.

465 984 517 1017 (Ex
543 984 686 1019 Originali.
712 985 788 1020 cujus
813 984 903 1020 sigilla
929 985 1038 1015 desunt,
1063 985 1088 1012 in
1120 985 1232 1012 archivo
1258 985 1367 1021 capituli
1392 986 1581 1013 (domucensis
1608 986 1726 1022 copiam
1752 987 1815 1014 Aut.
1842 987 1976 1018 Boczek.)

1013 1080 1167 1116 CXXVI.

154 1146 303 1183 in-nata
331 1147 373 1181 de
408 1146 548 1182 Lomm'c
578 1149 753 1193 promittit
789 1149 1001 1182 mouasterfo
1038 1147 1139 1182 Cella
1176 1147 1206 1182 b.
1237 1148 1284 1182 M.
1324 1148 1359 1183 Γ.
1394 1148 1555 1184 Brmmw.
1593 1150 1684 1195 quod
1720 1149 1834 1184 villam
1877 1149 2034 1196 mii-(my

513 1221 536 1243 a
565 1213 676 1244 matre
706 1211 813 1255 ipsius
842 1213 965 1244 emtam
995 1211 1088 1244 tueri
1117 1210 1197 1244 cult.
1229 1210 1314 1244 Sine
1343 1211 1438 1245 dato.
1471 1223 1520 1245 00.
1554 1210 1666 1246 1318.

319 1286 412 1341 Ros
440 1306 590 1342 anaeto
620 1307 661 1341 de
688 1306 882 1354 LompnicZ.
914 1307 1127 1342 Camerarius
1157 1307 1272 1342 inclite
1301 1308 1436 1343 domine
1466 1308 1628 1343 Bohemie
1666 1313 1697 1343 ot
1727 1308 1864 1343 Polonie
1900 1309 2034 1355 Regine

147 1371 263 1404 tenore
290 1371 505 1415 presencium
533 1368 738 1415 profitemur.
781 1369 868 1416 quod
905 1369 993 1403 110113
1035 1369 1219 1404 voluntate.
1251 1369 1380 1405 deuotis
1425 1370 1622 1405 dominabus
1665 1370 1767 1406 Lucie
1809 1370 1974 1406 Priorisse
2003 1377 2033 1406 et

147 1433 215 1464 toto
243 1432 425 1464 conuentui
453 1430 579 1465 ordinis
607 1429 858 1466 Predicatorum
895 1431 935 1466 de
966 1430 1055 1465 Cella
1092 1430 1191 1466 beate
1226 1434 1370 1477 virginis
1407 1432 1543 1468 Brunue
1580 1433 1642 1468 deo
1678 1432 1914 1468 famulantibus
1949 1445 2035 1480 pro-

147 1493 296 1526 misimus
324 1490 413 1525 bona
454 1491 519 1526 fide
548 1496 580 1527 et
608 1485 742 1539 inplere*
779 1493 934 1527 volumus
976 1497 1007 1526 et
1036 1491 1207 1538 debemus.
1250 1493 1362 1528 villam
1392 1493 1538 1529 11735311.
1582 1506 1682 1541 quam
1725 1499 1840 1529 contra
1880 1495 2032 1529 dilectam

147 1557 285 1587 matrem
314 1557 463 1587 nostram
492 1553 709 1588 Katherinam
738 1553 1002 1590 Racionabiliter
1030 1559 1184 1589 emerunt
1213 1566 1272 1602 pro
1303 1556 1367 1590 CC.
1399 1561 1430 1590 et
1460 1556 1502 1590 X.
1533 1555 1659 1591 Marcis
1688 1568 1885 1602 grossorum
1915 1557 2028 1591 ‹lena-

147 1617 270 1648 riorum
300 1617 384 1649 tueri
413 1619 445 1649 et
474 1614 654 1650 defensare
682 1620 797 1650 contra
827 1616 1001 1650 cuiuslibet
1032 1615 1175 1651 hominis
1205 1620 1441 1664 inpeticiouem
1471 1618 1652 1653 secundum
1681 1618 1742 1652 ι1115
1771 1622 1859 1652 terre
1879 1617 2032 1652 Mor-anie

146 1680 178 1710 et
206 1675 365 1711 nobilium
396 1676 618 1711 dominorum.
649 1676 685 1711 ln
715 1680 809 1712 euius
838 1681 1073 1725 promissionis
1102 1678 1310 1713 euidenciam
1342 1684 1374 1714 et
1402 1683 1557 1714 tuicionis
1587 1679 1819 1714 certitudinem
1855 1685 2032 1726 presentes

147 1737 259 1773 literas
288 1740 369 1785 ipsis
399 1738 550 1773 dedimus
579 1743 694 1773 nostro
723 1739 832 1784 sigillo
861 1744 893 1774 et
922 1740 1062 1774 aliorum
1091 1739 1250 1774 nobilium
1280 1740 1418 1775 firmiter
1446 1741 1649 1775 Rubor-atas.

463 1818 552 1851 (Orig.
591 1819 736 1846 membran.
773 1828 831 1847 curn
864 1820 934 1847 Vlll.
960 1820 1053 1855 pariis
1090 1820 1199 1855 sigiliis.
1232 1830 1246 1847 e
1277 1821 1372 1855 quibus
1408 1821 1463 1848 vn.
1490 1825 1514 1847 et
1543 1821 1611 1848 vul.
1650 1822 1742 1848 avulsa
1767 1825 1838 1855 511111,
1871 1822 1895 1849 in
1921 1823 2032 1851 archivo

567 1872 698 1899 Societat.
722 1872 788 1899 Jesu
814 1872 892 1899 Brun.
919 1873 988 1907 apud
1014 1873 1043 1900 C.
1069 1873 1098 1900 R.
1125 1873 1286 1900 Gubernium
1313 1873 1406 1900 Bruma»
1432 1874 1507 1900 Fasc.
1535 1873 1575 1901 93
1602 1874 1640 1901 lit.
1667 1875 1715 1907 A.)

1004 1968 1173 2003 CXXVII.

145 2034 337 2079 lohannes,
367 2047 434 2070 rea:
462 2035 652 2070 Bokemr'ae.
683 2036 840 2070 concedit
871 2035 1074 2069 Istltleerime
1103 2036 1144 2070 de
1173 2035 1323 2070 Lonmie.
1354 2037 1445 2082 quod
1478 2038 1695 2072 mea'e'elatem
1730 2039 1935 2073 (Ioualarum
1966 2041 2034 2085 ipsi

146 2096 306 2131 tillarum
348 2096 456 2132 Siwic
497 2102 532 2132 el
567 2097 748 2132 Bla'zom'c
789 2099 1001 2131 monasterio
1045 2097 1083 2131 S.
1114 2098 1228 2132 Auum
1269 2100 1302 2132 ire
1331 2098 1494 2133 suburbio
1538 2098 1714 2134 Bra-nense*
1754 2100 1874 2145 lassare
1898 2104 2028 2146 polest.

788 2159 915 2193 Datum
946 2159 1026 2193 Idus
1055 2159 1245 2194 Februarii
1273 2159 1385 2195 1318.

319 2236 410 2291 Ros
438 2255 612 2292 Johanues
642 2256 693 2291 dei
724 2259 831 2301 gratia
863 2256 1023 2291 Bohemie
1052 2261 1084 2291 et
1114 2257 1250 2291 Polonie
1279 2257 1367 2299 Rex„
1405 2270 1445 2293 ac
1482 2258 1789 2304 Lucemburgensis
1827 2272 1954 2303 comes,
1985 2261 2027 2294 ad
2078 2283 2081 2288 -

144 2320 379 2351 universorum
409 2321 567 2352 noticiam
598 2319 750 2352 110111111115
780 2321 971 2365 Ι101·νο11110.
1002 2318 1089 2364 quod
1113 2319 1187 2352 licet
1212 2318 1360 2354 Gerussa
1385 2320 1425 2354 de
1448 2320 1623 2365 Dobelins,
1656 2321 1731 2355 dum
1761 2324 1901 2355 viueret.
1926 2321 2028 2356 nobili

146 2383 297 2413 matrone
327 2378 520 2414 Katherine.
550 2380 680 2414 Relicto
709 2380 875 2426 quondam
906 2379 1010 2414 tidelis
1041 2383 1143 2414 nostri
1185 2380 1349 2416 Tassonis
1386 2382 1426 2416 de
1463 2382 1624 2417 Lomnitz.
1662 2386 1769 2417 sorori
1807 2395 1866 2416 5110
1896 2383 2029 2417 medie-

145 2444 256 2475 tatem.
299 2451 363 2486 que
393 2440 456 2475 sibi
500 2444 530 2475 in
562 2441 648 2476 villis
691 2442 816 2488 Sypcz.
861 2446 891 2475 et
928 2441 1099 2476 BlaswitZ.
1144 2447 1221 2476 ante
1263 2446 1431 2478 ciuitatem
1475 2449 1621 2479 nostram
1667 2444 1900 2478 Brunnensem
1943 2447 2026 2479 sitis.

146 2504 312 2548 pertinuit,
343 2501 512 2538 donasset.
543 2508 698 2538 strenuus
729 2509 838 2538 tamen
870 2507 931 2547 vir,
962 2503 1129 2549 quondam
1159 2503 1355 2539 &valtherus
1402 2505 1443 2540 de
1473 2506 1632 2541 Castello.
1664 2511 1741 2540 tunc
1775 2505 2027 2541 Mart-liiouatus

145 2566 248 2597 nostri
277 2562 431 2598 Mon-avie
461 2564 675 2610 Capitaneus.
707 2569 875 2599 nescimus
918 2577 980 2611 qua
1017 2565 1058 2599 de
1093 2577 1207 2600 causa.
1245 2566 1456 2602 medietatem
1493 2568 1646 2602 villarum
1684 2571 1829 2614 ipsarum
1865 2567 2027 2613 obligauit

145 2623 363 2659 Wenceslao.
393 2625 560 2670 quondam
589 2626 698 2660 Judici
729 2627 815 2661 dicte
844 2630 986 2661 ciuitatis
1024 2631 1135 2661 nostre
1172 2627 1391 2666 [ἂι-1011100515,
1430 2641 1490 2676 pro
1526 2634 1616 2663 certa
1653 2632 1795 2675 pecunie
1831 2632 2025 2675 quantitate.

144 2690 176 2720 et
205 2698 279 2721 cum
309 2687 349 2720 ad
380 2698 519 2733 presens
564 2693 699 2734 propter
743 2691 844 2734 ipsius
875 2688 1071 2723 wenceslai
1115 2689 1285 2734 demerita7
1330 2690 1491 2725 medietas
1522 2694 1666 2737 ipsarum
1710 2690 1862 2725 villarum
1893 2691 1932 2725 ad
1963 2703 2026 2726 nos

1778 2750 1815 2781 13
