2325 2941
1208 162 1280 197 146

318 282 429 317 Ciuilis
464 280 641 315 beneficio.
678 289 742 324 quo
771 282 885 312 contra
920 280 1100 324 premissa„
1137 280 1192 310 aut
1219 276 1356 310 alterum
1384 279 1639 323 premissorum,
1675 278 1707 310 in
1735 276 1882 322 predicto
1917 280 2077 322 negociQ
2113 288 2172 323 pro

318 343 412 378 nobis
448 346 477 376 et
513 343 634 375 nostris
669 339 844 373 heredibus
878 343 909 373 et
944 337 1221 380 Succossmffius,
1255 348 1461 383 quocumque
1495 342 1632 384 possent
1665 337 1774 371 locum
1807 337 1990 382 aliqualiter
2024 338 2173 372 obtinere

319 404 557 438 l'romitteutes.
588 400 673 446 quod
702 405 817 434 contra
846 399 1003 446 predicta.
1034 398 1087 433 vel
1117 398 1236 443 aliquid
1265 398 1497 444 predictorum,
1527 399 1567 432 de
1593 398 1674 432 Jure
1701 398 1757 432 vel
1786 398 1826 432 de
1854 398 1954 442 facto,
1984 402 2016 433 in
2043 399 2172 433 Judicio

319 465 370 498 vel
399 468 503 497 extra.
533 474 592 508 per
620 461 700 498 Nos,
730 466 928 507 nostrosque
956 459 1107 494 Heredes
1136 471 1174 493 ac
1204 459 1427 493 Successores
1456 459 1554 493 nichil
1582 459 1724 493 debebit.
1753 459 1821 493 vllo
1842 470 1996 504 vmquaui
2025 464 2173 505 tempore

317 527 500 570 attemptari
529 523 603 557 dolo
633 527 663 557 et
693 522 808 556 fraude
830 525 862 555 in
885 521 1037 555 omuibus
1071 523 1241 566 premissis
1270 525 1301 554 et
1330 520 1478 565 Singulis
1507 523 1676 554 resecatis.
1712 520 1748 553 In
1770 523 1862 554 cuius
1884 522 1932 554 rei
1954 523 2173 554 testimonium

319 590 490 632 presentes
519 585 630 618 literas
660 583 742 618 sieri.
772 588 803 617 et
832 582 956 627 Sigillis
984 581 1169 616 Maiestatis
1204 586 1316 615 nostre
1349 584 1502 615 iussimus
1531 584 1742 624 coniiuuiiiri;
1778 581 1899 615 Datum
1927 580 2062 615 Brunne
2098 581 2174 615 Idus

319 645 490 689 Octobris,
528 646 628 679 Anno
664 645 785 678 domini
819 643 994 677 Millesinio
1029 642 1279 677 Trecentesimo
1316 645 1603 688 vices-iinoprimo,
1640 642 1835 687 Regnorum
1869 653 1954 676 vero
1988 646 2173 677 nostrorum

317 718 405 741 anno
434 706 622 741 vndecimo.

627 775 714 811 (Orig.
741 776 886 802 membran.
912 783 968 801 cuni
994 774 1085 805 sigillo
1110 774 1203 808 majori
1228 773 1359 800 hilatcrali
1383 777 1461 808 rupto
1486 773 1511 800 in
1536 773 1644 800 archivo
1668 773 1822 800 monasterii
1837 773 1926 807 „Auia
1941 771 1969 800 S.
1984 772 2093 800 Mariae“
2108 774 2175 808 apud

729 828 758 855 C.
784 828 813 855 R.
838 828 953 854 Gubern.
980 828 1071 854 Brunae
1095 828 1143 853 sub
1170 826 1207 854 lit.
1235 825 1262 854 2.
1288 836 1313 854 n.
1343 826 1382 860 l.)

1180 913 1309 948 CXCII.

322 987 473 1021 Tamalio
503 986 661 1020 bonorum
690 985 803 1019 Mem'n
832 988 866 1019 et
888 985 1064 1029 Hustopec
1088 996 1154 1029 per
1168 984 1370 1026 Jolmmaenn
1396 985 1616 1029 proeposilnm
1642 983 1967 1028 l'l'isseqradensem.
1993 983 2177 1017 Henricmn

395 1049 436 1081 de
465 1047 549 1092 Lista
579 1051 612 1081 et
647 1046 831 1082 {Volsonem
863 1047 904 1080 de
931 1046 1083 1079 Jsrau-af·
1109 1047 1219 1090 facta.
1263 1045 1323 1079 Dt.
1354 1045 1481 1079 Brvmoe
1508 1045 1609 1091 XVI<
1639 1045 1718 1078 Kal.
1750 1044 1952 1078 nov-enebris
1982 1044 2092 1078 1321.

492 1116 580 1169 Ros
616 1134 787 1168 Johannes
821 1134 873 1167 dei
906 1137 1018 1179 gracia
1054 1133 1348 1178 wissegradensis
1383 1133 1590 1179 Prepositus.
1626 1132 1737 1177 Regni
1774 1132 1910 1166 Boemie
1939 1132 2177 1169 Cancellarius,

319 1197 483 1231 llenricus
512 1196 552 1229 de
577 1195 667 1242 Lipa.
699 1195 854 1229 Summus
878 1195 987 1240 Regni
1014 1194 1161 1229 eiusdem
1182 1194 1420 1228 Marsclialcus.
1451 1198 1482 1228 et
1503 1193 1637 1228 WVoclzo
1663 1193 1703 1227 de
1728 1193 1877 1231 Crawar,
1908 1193 2003 1227 Scire
2026 1193 2177 1227 volumus

319 1261 495 1292 xiiiuersos
535 1262 599 1291 tam
641 1260 803 1303 presentis
838 1256 942 1291 Etatis
984 1256 1153 1299 homines,
1197 1267 1295 1300 quam
1331 1255 1449 1289 future.
1507 1255 1602 1296 Quod
1638 1266 1711 1288 cum
1748 1254 1989 1289 Sereuissimus
2027 1254 2178 1288 dominus

319 1324 440 1355 noster.
471 1319 622 1353 dominus
639 1318 810 1352 Joliannes
832 1318 969 1352 Boeniie
997 1322 1029 1351 et
1051 1317 1186 1351 Polonie
1209 1317 1295 1354 Rex]
1326 1316 1628 1361 Lin·eiiil›111·geiisis
1651 1315 1771 1350 Comes
1794 1315 1834 1349 ab
1857 1327 1961 1349 onere
1983 1315 2178 1357 debitorum,

318 1393 355 1415 se
375 1392 565 1414 exonerare
588 1383 724 1426 cupiens
748 1380 840 1413 Bona
863 1382 893 1413 in
916 1379 1044 1413 Meneis
1067 1383 1097 1413 et
1120 1378 1309 1425 Hustopecz
1331 1389 1405 1412 eum
1429 1380 1673 1422 contingeucia„
1702 1377 1818 1411 Illustri
1841 1376 1973 1410 domine
1994 1375 2178 1419 Elizaheth,

320 1443 618 1476 Sereuissimorum
644 1441 841 1486 Principum,
871 1440 946 1474 diue
969 1443 1140 1483 memorie7
1170 1439 1377 1473 dominorum
1403 1439 1557 1473 videlicet
1577 1438 1801 1479 Wenzesslai,
1826 1443 1858 1472 et
1878 1437 2019 1479 Rudolfi,
2042 1437 2179 1471 Boemie

318 1507 349 1537 et
378 1502 514 1537 Polonie
543 1502 707 1548 quondam
737 1502 879 1546 Regum.
909 1501 1036 1535 Relicte
1065 1504 1097 1535 in
1126 1512 1378 1547 recompensam
1422 1505 1453 1534 et
1481 1500 1686 1534 solucionem
1716 1499 1813 1539 dolls„
1849 1510 1908 1533 seu
1938 1499 2079 1543 dotalicij
2116 1500 2178 1541 sui,

321 1564 487 1597 Baronum
523 1575 561 1597 ac
591 1563 732 1597 lidelium
761 1574 895 1596 suorum
925 1562 1026 1596 fretus
1055 1562 1206 1606 consiliQ
1243 1562 1322 1597 dare
1358 1573 1397 1596 ac
1432 1564 1537 1595 eciam
1574 1560 1723 1595 vendere
1759 1560 1974 1603 decreuisset,
2009 1564 2075 1593 tam
2109 1561 2180 1606 ipse

323 1625 475 1659 dominus
505 1629 619 1658 noster
647 1624 734 1663 Rex„
771 1635 866 1669 quain
897 1626 1002 1657 eciam
1032 1623 1162 1657 domina
1191 1623 1323 1668 Regina
1359 1626 1422 1657 iam
1452 1622 1539 1665 dicu,
1576 1633 1675 1668 super
1696 1624 1874 1655 taxacione
1902 1625 1935 1655 et
1962 1622 2179 1655 estimaeione

322 1689 467 1732 ipsorum
496 1685 665 1719 Bonorum
694 1688 725 1719 in
754 1684 882 1719 Meneis
911 1689 941 1718 et
972 1684 1161 1730 llustopecz
1190 1684 1427 1730 predictorum3
1464 1687 1494 1717 in
1528 1694 1589 1717 nos
1619 1687 1784 1728 tamquam
1812 1685 1845 1716 in
1873 1681 2016 1716 arbitros
2044 1685 2076 1716 et
2103 1691 2180 1715 me-

321 1747 465 1781 diatores
486 1751 565 1781 voto
590 1749 658 1792 pari
682 1751 713 1780 et
735 1757 873 1780 assensu
897 1748 1043 1779 vnauimi
1067 1750 1321 1780 consenserunt.
1352 1749 1464 1779 nostro
1488 1756 1523 1778 se
1549 1744 1683 1778 arbitrio
1708 1748 1740 1778 et
1761 1743 1966 1777 ordinacioni
1989 1741 2177 1777 omnimode

321 1807 552 1841 sulmiitteudo.
610 1807 679 1842 Nos
709 1810 808 1852 igitur
837 1807 875 1841 ad
906 1809 1124 1841 vocat-ionem
1161 1809 1263 1853 ipsius
1293 1806 1424 1840 domine
1455 1804 1645 1840 Elizalietlie
1674 1805 1804 1850 Regine
1837 1804 1984 1850 predicte
2012 1803 2178 1837 Brunuani

323 1872 519 1903 vennientes
547 1869 775 1912 consedimus,
807 1868 917 1902 habito
946 1879 1047 1914 super
1075 1868 1137 1902 lioc
1166 1871 1280 1912 sagaci
1310 1880 1349 1901 ac
1377 1867 1527 1913 prudenti
1557 1867 1797 1910 lidcdignorum
1825 1868 1972 1900 virorum
2000 1867 2032 1898 in
2062 1862 2179 1897 talibus

323 1931 472 1973 negocijs
508 1935 720 1975 expertorum
756 1929 914 1969 consilio,
951 1929 1117 1963 Baronuin
1153 1929 1325 1965 videlicet,
1366 1928 1487 1962 domiui
1523 1927 1686 1962 Joliannis
1720 1927 1760 1961 de
1794 1924 2020 1968 ltlezirschit71,
2056 1924 2179 1958 domini

324 1989 512 2034 l)iwisscliij
549 1990 589 2023 de
606 1990 820 2026 Stel-ubercli.
851 1991 978 2024 Cinium
1008 2002 1137 2036 quoquc
1166 1990 1403 2029 Brunensinm,
1433 1988 1654 2033 Bai-tasseliij,
1684 1988 1824 2035 Nycolai
1854 1987 1893 2020 de
1922 1986 2019 2020 domo
2049 1985 2180 2019 Tentu-

324 2054 408 2085 nica.
436 2055 467 2084 et
487 2050 635 2095 Maurici]
664 2064 703 2085 ac
725 2052 861 2085 aliorum
885 2062 981 2096 quani
1006 2051 1157 2097 plurium,
1185 2056 1249 2085 tam
1274 2051 1439 2084 Bai-onum
1464 2061 1560 2095 qnam
1591 2050 1717 2083 Cinium
1739 2047 1987 2083 Mareliionatus
2016 2046 2178 2090 Morauie‚

322 2115 374 2158 qui
405 2111 445 2146 ad
473 2112 633 2156 gencrale
662 2113 865 2157 Colloquium
895 2117 971 2146 tuuc
999 2112 1109 2146 Bruue
1138 2112 1371 2146 celebrandum
1401 2115 1640 2153 conuenerant,
1670 2110 1815 2154 diligenti
1845 2120 1884 2142 ac
1911 2107 2048 2154 prouida
2078 2112 2180 2141 taxa-

322 2177 419 2207 cioue
455 2175 640 2207 inuenimus
675 2173 819 2219 predicta
849 2173 942 2207 Bona
975 2172 1105 2207 Mem-is
1140 2173 1294 2207 videlicet
1328 2178 1357 2206 et
1395 2172 1583 2218 llnstopecz
1619 2170 1769 2205 omnihus
1804 2181 1918 2203 eorum
1952 2170 2178 2215 pertinencijs‚

325 2235 428 2277 villis,
460 2237 577 2271 vineis,
608 2236 698 2275 agris
728 2234 821 2267 cultis
851 2239 881 2267 et
911 2235 1055 2268 incultis.
1086 2234 1288 2270 nemoribus«
1319 2236 1464 2280 pascuis
1495 2236 1612 2279 pratis,
1642 2233 1752 2276 aquis.
1782 2229 1998 2273 ltlolendnns,
2033 2242 2072 2264 ac
2104 2229 2177 2274 alijs

324 2295 536 2341 prouentibus
565 2299 595 2328 et
626 2294 814 2328 vtilitatilius
837 2306 950 2328 eoi-nin
973 2306 1180 2340 quocumque
1202 2300 1402 2328 censeantur
1423 2297 1568 2328 nomine.
1598 2295 1682 2326 sicut
1710 2291 1844 2325 lllustris
1874 2291 2025 2325 dominus
2054 2294 2178 2329 nosterq

325 2356 475 2390 dominus
505 2356 597 2399 Rex,
633 2355 686 2389 vel
723 2355 774 2399 alij
813 2358 944 2389 nominc
972 2368 1032 2390 suo
1061 2368 1099 2389 ea
1130 2356 1216 2390 bona
1247 2360 1384 2389 actenus
1413 2357 1558 2388 tenuisse
1586 2356 1784 2390 noscuntur,
1814 2351 1993 2387 studiosius
2021 2353 2180 2386 estimatis

323 2417 537 2451 ducentarum
567 2421 598 2451 et
627 2416 742 2450 deceni
766 2420 798 2449 et
819 2420 893 2449 octo
914 2416 1100 2450 Mai-carum
1130 2416 1254 2450 liabcre
1283 2416 1426 2450 redditus
1448 2414 1608 2449 Morauici
1637 2413 1802 2459 ponderis,
1834 2412 2018 2458 Sexaginta
2040 2416 2181 2458 quatuor

323 2490 462 2514 ffrossos
490 2489 549 2525 pro
577 2477 692 2512 Marcu
721 2476 865 2522 qualibet
893 2481 1098 2522 computatis.
1129 2477 1245 2523 quibus
1274 2477 1505 2511 consideratis.
1535 2479 1567 2508 et
1595 2474 1770 2519 diligencia
1806 2486 1868 2520 qua
1898 2473 2069 2508 debuimus
2097 2484 2181 2519 per-

324 2542 464 2584 spectis„
501 2541 711 2579 auctoritate,
746 2549 789 2571 ex
819 2537 972 2571 mandato
1002 2542 1032 2571 et
1062 2538 1174 2572 littoris
1202 2538 1278 2571 dicti
1308 2538 1427 2571 domini
1458 2538 1561 2570 nostri
1591 2535 1711 2578 Regis,
1748 2535 1820 2569 data
1851 2539 1883 2569 et
1911 2537 2055 2569 iniuncta
2084 2533 2180 2568 nobis

326 2603 392 2644 ipsa
424 2599 514 2633 Bona
551 2600 706 2634 videlicet
734 2598 861 2642 Mencjs
897 2602 929 2632 ct
961 2597 1166 2643 llustopecz,
1203 2611 1276 2633 cum
1310 2597 1461 2632 omuibus
1497 2608 1609 2630 eorum
1645 2599 1862 2642 pertint-ucis,
1900 2600 1995 2642 prout
2028 2597 2180 2641 superius

325 2665 398 2693 sunt
426 2672 597 2706 expressa.
635 2660 813 2694 secundum
845 2658 1116 2693 consuetudinem
1147 2664 1178 2693 et
1205 2659 1264 2694 Jns
1292 2669 1466 2692 commune
1496 2662 1582 2691 terre
1610 2657 1759 2691 Morauic
1788 2668 1847 2703 pro
1876 2656 2003 2691 duobus
2024 2654 2178 2698 Millibus,
