2325 2941
327 241 476 287 Capitulo
513 238 679 274 Generali.
723 237 951 272 Theodoricus
993 238 1103 272 diuina
1136 240 1358 272 miseracione
1398 237 1516 273 Abbas
1544 238 1705 273 Lucensis
1734 239 1900 284 Ecclesie‚
1935 240 2120 275 Oraciones
2147 243 2180 275 in

324 301 466 335 Domino
495 311 567 333 cum
597 301 685 333 omni
713 302 908 333 reuerencia
938 303 970 333 et
999 298 1136 332 honore.
1179 298 1377 333 Nostrorum
1405 310 1510 345 prona
1539 299 1736 334 obediencia
1768 299 1907 334 filiorum
1935 306 1967 336 et
1994 301 2180 336 deuocione

325 364 473 408 permoti.
512 359 757 405 infrascriptam
784 362 974 405 pittanciam
1002 359 1156 393 videlicet
1196 359 1308 393 viltam
1336 364 1483 393 nostram
1512 359 1640 394 Oblusk
1669 360 1788 394 dictam
1821 363 1955 395 nomine
1981 364 2083 408 ipsius
2110 365 2180 408 pit-

325 425 430 456 tancie
458 432 516 467 per
546 432 608 454 nos
636 423 716 466 ipsis
745 432 879 454 exnunc
908 420 1023 454 tradite
1052 425 1083 453 et
1112 419 1270 454 tradende
1299 431 1373 454 cum
1401 423 1556 466 grangia,
1579 424 1740 467 pomeriQ
1764 419 1914 465 decimis,
1935 433 2039 456 censu
2058 422 2179 457 ibidem

323 487 353 515 in
382 485 451 527 ipsa
482 481 522 515 ab
551 484 630 527 ipsis
659 485 690 515 et
724 480 764 514 de
798 484 868 526 ipsa
898 491 972 514 cum
1001 480 1154 514 omnibus
1181 480 1327 523 Juribus,
1357 480 1527 524 fructibus,
1558 483 1758 526 attinencijs,
1793 493 1833 516 ac
1861 482 2065 528 appendicijs
2098 486 2179 517 exi-

321 542 491 577 stentibus.
534 542 769 588 spectantibus.
813 546 844 575 et
876 541 1148 587 proueuientibus
1191 552 1389 587 quocunque
1430 541 1540 585 modo,
1582 545 1715 576 nomine
1747 542 1801 576 uel
1834 543 1926 577 titulo
1959 543 2178 590 undecunque

320 606 527 649 proueniant.
566 603 619 636 uel
653 605 832 648 prouenit-e
872 602 1009 636 valeant
1050 601 1090 636 ab
1128 602 1253 636 eisdem
1282 606 1348 636 tam
1375 605 1409 636 in
1436 605 1579 637 minimis
1607 614 1705 648 quam
1734 606 1767 637 in
1801 606 1944 649 magnis,
1977 606 2010 637 in
2038 603 2178 649 quibus-

320 674 450 708 cunque
478 667 670 705 consistant‚
700 668 733 697 ut
761 674 823 696 nec
852 674 870 696 a
899 662 994 696 nobis
1022 674 1086 697 nec
1115 662 1155 696 ab
1185 663 1294 708 aliquo
1322 674 1555 698 successorum
1584 668 1772 698 nostrorum
1800 666 2005 710 inposterum
2040 663 2178 711 predicti

320 724 439 758 fratres
473 724 633 758 Lucensis
668 723 863 768 Monasterij
907 735 1007 770 super
1046 726 1303 770 percepcionem
1338 727 1493 770 pittancie
1528 724 1716 770 supradicte
1752 727 1785 758 in
1818 729 1912 771 parte
1946 724 2001 759 uel
2035 727 2068 758 in
2096 729 2176 769 toto,

320 796 473 830 umquam
503 785 720 831 impediantur
748 785 799 818 uel
829 787 935 818 eciam
964 784 1211 830 perturbentur.
1248 787 1281 818 in
1309 784 1517 828 minorando,
1554 784 1748 829 auferendo,
1783 785 1950 819 maliciam
1989 785 2176 829 inferendo,

319 847 370 880 uel
399 846 518 891 aliquid
548 850 645 879 extra
678 850 877 879 conuentum
906 848 1047 892 cuipiam
1077 846 1246 891 exigendo
1283 845 1324 879 de
1352 849 1508 892 pittancia
1536 845 1665 893 prefata
1695 846 1735 880 ab
1770 849 1862 893 ipsis.
1906 846 1966 880 Cui
2000 850 2032 880 et
2060 845 2178 892 quibus

317 910 473 953 pittancie
507 912 537 940 et
566 906 722 940 fratribus
764 909 897 940 vincam
935 909 1099 951 integram
1129 909 1161 940 in
1190 906 1317 940 Kunicz
1346 910 1442 941 sitam
1470 918 1544 940 cum
1572 909 1661 941 omni
1689 910 1772 951 iure,
1806 912 1839 941 et
1866 908 2080 954 pertinencijS
2108 909 2177 942 suis

317 973 347 1002 ct
377 971 566 1014 prescriptis
602 972 633 1001 ct
666 966 860 1013 subscriptis
895 967 1029 1001 Juribus
1064 967 1315 1002 condicionibus
1356 967 1571 1014 paccionibus
1612 970 1707 1014 penis
1742 972 1775 1002 et
1808 969 1988 1013 sentencijs
2023 967 2177 1003 duximus

317 1028 536 1062 adhibendam
579 1040 618 1062 ac
655 1031 761 1062 eciam
793 1028 1025 1074 apponendam
1061 1032 1235 1074 quominus
1277 1028 1326 1063 liis
1355 1032 1448 1063 eisue
1476 1028 1628 1063 omnibus
1662 1033 1695 1063 et
1727 1029 1865 1073 singulis
1893 1031 2023 1074 integre
2051 1027 2177 1074 absque

317 1089 549 1132 diminucione,
579 1092 812 1132 contencione,
842 1088 1056 1123 subieccione
1084 1093 1116 1123 in
1146 1090 1290 1123 deterius
1319 1092 1568 1136 permutacione
1596 1089 1700 1124 libere
1734 1089 1957 1135 perfruantur,
1992 1089 2176 1124 adimentes

317 1150 412 1184 nobis
441 1150 660 1195 omnibusque
689 1150 940 1184 successoribus
969 1153 1091 1185 nostris
1120 1150 1293 1185 ordinandi
1323 1155 1354 1185 et
1382 1150 1577 1197 disponendi
1606 1150 1647 1185 de
1671 1150 1818 1197 predicta
1839 1153 1995 1197 pittancia
2018 1154 2176 1196 quantum

317 1214 346 1245 in
383 1211 478 1245 nobis
513 1215 561 1244 cst
597 1211 819 1244 omnimodam
854 1210 1054 1245 facultatem.
1095 1211 1190 1253 Quod
1232 1215 1260 1245 si
1293 1216 1407 1246 contra
1449 1211 1626 1246 fecerimus
1661 1223 1722 1258 per
1758 1223 1820 1246 nos
1847 1211 1901 1246 uel
1928 1222 1989 1258 per
2016 1211 2115 1245 alium
2142 1214 2175 1245 in

316 1277 407 1317 parte
437 1272 487 1305 nel
518 1275 547 1305 in
578 1277 655 1314 toto,
700 1272 824 1305 directe
861 1272 911 1305 uel
947 1272 1118 1315 indirecte,
1153 1272 1282 1318 publice
1311 1272 1363 1306 nel
1391 1273 1519 1307 occulte
1547 1275 1619 1318 ipso
1661 1272 1749 1306 facto
1784 1275 1989 1306 sentenciam
2030 1283 2176 1306 excom-

315 1335 551 1367 municacionis
593 1337 625 1366 et
658 1333 880 1378 deposicionis
921 1333 1074 1367 volumus
1110 1337 1310 1377 incurrisse,
1344 1345 1362 1367 a
1391 1345 1455 1380 qua
1490 1345 1552 1367 nee
1591 1344 1652 1367 nos
1682 1344 1700 1367 a
1729 1333 1824 1367 uobis
1853 1337 1928 1379 post
1954 1332 2087 1379 plenam
2114 1343 2176 1367 re-

314 1396 521 1427 stitucionem
551 1398 582 1427 et
612 1396 774 1438 integram
804 1405 904 1439 super
939 1393 1029 1428 hisce
1067 1397 1129 1440 ipsi
1162 1394 1284 1428 factam
1319 1397 1497 1429 conuentui
1530 1394 1798 1428 satisfaccionem
1826 1397 1992 1440 possimus
2034 1393 2174 1437 absolui,

314 1459 453 1499 suntque
483 1457 541 1500 ipsi
572 1454 690 1487 fratres
720 1466 738 1488 a
768 1459 878 1489 nostra
909 1454 1104 1489 obediencia
1134 1455 1284 1497 absoluth
1315 1455 1475 1489 habentes
1505 1455 1641 1489 liberam
1670 1454 1859 1489 facultatem
1889 1455 1987 1489 alium
2015 1454 2173 1500 eligendi,

313 1526 378 1548 non
407 1515 623 1557 obstantibus.v
668 1515 804 1559 iuribus
834 1517 969 1559 gracijs„
1006 1516 1191 1561 priuilegijs
1225 1517 1347 1550 relictis
1382 1516 1572 1562 ordinisque
1601 1519 1740 1554 statutis
1770 1515 1888 1561 quibus
1923 1518 2079 1561 quoniam
2108 1515 2174 1549 ad·-

314 1575 374 1609 hnc
404 1579 586 1622 prescripte
615 1580 647 1611 et
676 1576 886 1623 infrascriptc
915 1577 1104 1610 oumimode
1133 1580 1368 1611 renunciamus
1397 1580 1588 1623 prescriptis
1617 1581 1649 1611 et
1677 1576 1895 1622 infrascriptis
1930 1587 1993 1611 nos
2021 1575 2173 1611 omnibus

314 1637 496 1670 uoluntarie
526 1637 754 1671 submittentes
783 1640 951 1683 simusque
985 1638 1192 1682 inc-legibiles
1221 1642 1252 1672 et
1281 1640 1415 1684 periurij
1453 1649 1493 1672 ac
1521 1638 1655 1672 infamie
1683 1640 1768 1672 notis
1797 1640 1943 1684 respersi
1972 1641 2006 1671 et
2037 1639 2171 1672 omnino

313 1697 494 1743 deprauati.
526 1710 587 1732 nec
617 1698 658 1732 ad
686 1698 826 1743 aliquam
861 1698 1091 1732 obedienciam
1127 1702 1329 1733 nominatam
1362 1710 1506 1745 unquam
1547 1699 1721 1733 valeamus
1755 1701 1879 1733 assumi
1914 1702 1982 1732 toto
2023 1701 2170 1743 tempore

315 1761 381 1791 vite
424 1764 535 1792 nostre
576 1762 833 1793 renuncciantes
868 1770 969 1805 snper
1009 1759 1076 1803 his,
1114 1765 1148 1794 ut
1187 1760 1306 1794 dictum
1348 1764 1415 1803 est,
1451 1763 1540 1794 omni
1575 1762 1655 1794 iuris
1691 1763 1722 1793 et
1753 1748 1869 1805 gracie
1910 1758 2033 1793 auxilio
2074 1756 2170 1791 nobis

313 1830 411 1864 super
456 1819 504 1853 his
547 1831 563 1853 a
607 1823 760 1866 quopiam
804 1820 970 1854 faciendo.
1018 1820 1057 1854 Et
1103 1824 1129 1855 si
1176 1821 1252 1866 quid
1294 1820 1415 1855 factum
1464 1820 1563 1855 fuerit
1613 1820 1734 1855 nnllam
1781 1819 1928 1854 obtineat
1973 1818 2168 1852 firmitatem.

313 1879 420 1920 Quam
463 1883 651 1926 pittanciam
693 1892 766 1915 cum
809 1881 1058 1916 condicionibus
1107 1885 1277 1928 expressis
1315 1884 1469 1928 superius
1504 1886 1536 1916 et
1572 1881 1699 1915 eisdem
1737 1891 1952 1916 successores
1994 1882 2097 1913 nostri
2139 1881 2168 1914 si

313 1944 427 1973 contra
470 1944 630 1986 premissa
674 1945 788 1976 uenire
830 1945 1101 1988 presumpserint.
1137 1954 1196 1989 per
1224 1945 1334 1977 omnia
1363 1954 1425 1977 ceu
1455 1942 1495 1977 de
1524 1942 1620 1977 nobis
1654 1952 1850 1988 expressum
1878 1945 1939 1983 est,
1968 1942 2108 1986 petimus
2137 1944 2171 1974 ut

313 2001 509 2034 mulctentur
537 2013 554 2035 a
584 2007 693 2036 uestre
723 2003 930 2037 l'aternitatis
960 2003 1201 2037 Dominacione
1231 2004 1441 2050 deposcimus
1470 2003 1634 2037 humiliter
1661 2003 1861 2037 confirmari.
1897 1999 1941 2034 Vt
1969 2005 2077 2034 autem
2107 2000 2170 2035 hec

312 2066 423 2095 nostra
454 2061 605 2105 donacio,
635 2063 731 2096 dacio
760 2075 818 2097 seu
836 2067 1012 2098 concessio
1035 2064 1267 2098 inuiolabiliter
1282 2069 1486 2110 perseueret‚
1508 2069 1682 2110 presentes
1698 2067 1729 2098 in
1752 2064 1972 2097 testimonium
1988 2065 2101 2095 nostro
2117 2064 2169 2096 si-

311 2123 388 2159 gillo
405 2121 542 2156 fecimus
557 2127 761 2157 connnnniri.
784 2125 903 2159 Actum
922 2125 1020 2158 Anno
1037 2125 1157 2159 domini
1174 2124 1348 2159 Millesimo
1365 2125 1616 2159 Trecentesimo
1633 2125 1752 2159 Tercio
1769 2122 1932 2157 Calendas
1949 2121 2166 2168 Septembris.

494 2182 561 2217 Nos
597 2187 694 2226 igitur
727 2188 847 2219 vestris
889 2189 982 2219 iustis
1020 2186 1240 2232 peticionibus
1271 2187 1415 2220 inclinati
1453 2186 1593 2220 eandem
1626 2186 1815 2231 pittanciam
1845 2183 1952 2217 eidem
1982 2182 2167 2217 Conuentui

313 2248 424 2277 vestro
459 2243 620 2278 Lucensis
658 2245 809 2279 videlieet
846 2246 1038 2290 lilonasterij
1075 2258 1134 2293 per
1168 2258 1229 2281 nos
1269 2246 1389 2281 factam
1430 2251 1462 2281 et
1501 2246 1681 2288 sentem-ijs
1723 2243 1974 2279 condicionibus
2006 2248 2039 2278 et
2072 2246 2167 2290 penis

313 2305 519 2349 presentibus
555 2304 800 2339 confirmamus.
840 2310 1060 2352 precipientes
1098 2308 1244 2341 districtc
1287 2320 1325 2342 ac
1363 2308 1526 2351 volentes,
1561 2310 1592 2340 ut
1626 2305 1711 2338 illico
1749 2308 1818 2351 ipso
1854 2304 1941 2339 facto
1974 2304 2106 2348 Prelati‚
2139 2306 2167 2339 si

312 2369 364 2409 qui
402 2365 532 2402 fuerint.
576 2366 626 2399 uel
664 2366 794 2400 subditi.
838 2370 889 2411 qni
929 2368 1106 2413 predictam
1143 2371 1330 2414 pittanciam
1367 2368 1562 2413 infregerint
1599 2370 1653 2399 ant
1688 2366 1820 2406 infringi
1862 2365 2100 2409 ordinauerint,
2134 2369 2168 2399 ut

313 2437 411 2470 snpra
441 2438 637 2472 expressum
667 2431 727 2466 esh
765 2427 913 2467 relegato
950 2431 1027 2473 ipsis
1063 2432 1149 2463 omni
1180 2432 1269 2472 iuris,
1299 2429 1424 2463 ordinis
1452 2440 1490 2462 ac
1519 2429 1629 2461 statuti
1666 2427 1801 2460 auxilio.
1832 2426 1996 2473 predictas
2024 2430 2167 2460 senten-

311 2489 390 2522 cias.
421 2488 636 2522 condiciones
665 2493 695 2521 et
725 2499 827 2534 penas
857 2491 1034 2523 incurrant.
1067 2490 1185 2524 Datum
1216 2491 1316 2524 Anno
1346 2492 1506 2537 premisso
1535 2487 1672 2521 sedente
1694 2493 1805 2521 nostro
1829 2487 1978 2533 Capitulo
1995 2486 2164 2531 Generalj.

621 2566 717 2601 (Copia
743 2567 867 2593 xidimata
893 2567 924 2592 nb
950 2575 1018 2593 anno
1048 2567 1125 2595 imo
1151 2569 1220 2595 inter
1244 2569 1364 2595 aninlcetn
1391 2568 1452 2594 Ant.
1479 2566 1583 2592 Boczck
1614 2566 1639 2593 in
1665 2567 1774 2593 archim
1810 2566 2008 2593 marchionatus
2040 2564 2164 2592 Moraviae

722 2620 770 2645 snb
796 2619 837 2645 δι’.
866 2618 971 2654 3o25t.)
