2357 3021
1052 183 1115 238 Π41

1051 297 1136 332 LIV.

151 367 344 409 ,Iohanne-s,
375 368 557 412 episcopus
589 366 835 409 Olomucensis,
867 365 1033 399 ridimans
1062 364 1189 398 bullam
1220 364 1419 408 Clementis,
1445 377 1549 411 papae
1585 367 1618 402 V.
1652 368 1710 402 «ito
1732 367 1898 402 Aniniou.
1924 369 2039 413 pridie

153 429 277 463 Nonas
311 427 527 473 Septembris
564 438 653 462 amco
690 427 707 461 I
718 426 752 461 V.
789 439 857 472 qua
891 426 1001 460 abbas
1035 428 1241 461 monasterii
1276 426 1315 461 S.
1352 427 1454 461 Petri
1487 429 1521 461 in
1556 428 1726 473 Erfordia
1762 429 2040 464 constituebatur

152 491 314 536 defensor
343 491 474 524 ordinis
505 490 771 535 Cysterce‘ensis.
801 492 965 532 testatur,
995 488 1086 534 quod
1105 488 1192 523 idem
1212 487 1322 522 abbas
1349 490 1443 523 vices
1464 501 1548 523 suas
1577 491 1609 524 in
1630 490 1844 529 Bude‘slanm.
1874 492 2039 526 decanam

161 552 376 587 Olomucens.
409 554 505 586 circa
527 552 740 585 monasteria
762 551 912 595 ejusdem
943 551 1073 585 ordinis
1102 552 1135 584 tn
1150 550 1314 584 Moraria
1341 552 1423 595 sita,
1454 553 1631 586 commisit.
1662 552 1792 587 Datum
1822 556 1854 588 e'n
1884 555 2039 590 Modra-:-

866 612 898 646 V.
930 612 1012 646 Idus
1040 612 1196 658 Augusti
1223 611 1336 646 1311.

328 691 418 746 Ros
446 710 620 744 Johannes
650 709 703 744 dei
725 713 842 755 gracia
867 709 1102 745 Olomucensis
1123 708 1326 756 Episcopus,
1348 708 1471 744 Notum
1500 710 1643 746 facimus
1666 714 1836 747 vniuersis
1864 718 2040 759 presentes

152 773 278 807 litteras
307 774 520 819 inspecturis„
552 770 650 813 Quod
678 771 804 805 litteras
841 771 1051 806 Sanctissimi
1087 774 1119 805 in
1150 770 1282 806 Christo
1317 775 1422 818 patris
1459 776 1493 807 et
1525 772 1662 817 domini,
1699 773 1823 808 domini
1860 774 2039 811 Clementis

152 846 238 882 pape
269 833 382 876 Quinti
411 845 451 868 ac
479 833 684 869 vniuersalis
714 832 869 868 Ecclesie
899 833 1026 867 Summi
1055 833 1235 880 pontificis7
1265 844 1332 867 non
1361 834 1566 869 cancellatas
1601 846 1665 869 nec
1694 834 1837 870 abolitas
1868 836 1927 871 sub
1956 849 2039 872 vera

153 896 259 940 Bulla,
287 895 345 931 vel
372 898 406 930 in
435 898 485 930 sui
515 900 608 942 parte
639 894 749 941 aliqua
779 898 921 929 viciatas
958 894 1101 929 vidimus
1137 894 1385 942 infrascriptum
1421 900 1454 930 et
1488 895 1712 943 subscriptum
1748 901 1898 932 tenorem
1928 903 2041 934 conti-

154 963 291 993 nentes:
328 956 484 992 Clemens
519 956 708 1004 Episcopus
744 968 864 992 seruus
905 968 1082 992 seruorum
1117 957 1170 991 dei
1205 956 1326 991 dilecto
1361 957 1428 991 filio
1465 986 1471 992 .
1505 986 1511 992 .
1541 958 1667 993 Abbati
1701 958 1898 1005 Monasterij
1934 965 2039 996 sancti

154 1021 241 1056 Petri
270 1023 303 1054 in
339 1018 495 1054 Ersordia
532 1023 596 1053 etc.
633 1030 739 1065 usque
771 1018 894 1053 Datum
927 1019 1100 1053 Auinione
1132 1018 1238 1066 pridie
1272 1018 1389 1054 Nonas
1425 1019 1645 1066 Septembris,
1682 1020 1898 1056 Pontiticatus
1937 1027 2040 1058 nostri

154 1093 242 1117 anno
273 1080 401 1123 Quarto
433 1081 544 1125 (Vide
573 1093 605 1115 n.
634 1080 713 1115 XX.
745 1081 777 1115 Ιι.
813 1080 872 1125 T.)
897 1080 1102 1115 Confitemur
1129 1084 1237 1115 eciam
1266 1081 1353 1127 quod
1383 1081 1563 1128 supradicti
1592 1082 1716 1117 domini
1747 1111 1753 1117 .
1786 1111 1793 1117 .
1823 1083 1967 1118 Abbatis
2001 1085 2041 1120 de

154 1143 310 1178 Erfordia
340 1142 400 1178 suh
431 1145 600 1177 autentico
630 1154 690 1177 suo
720 1142 830 1188 sigillo
859 1143 998 1183 litterasq
1032 1146 1086 1189 qui
1120 1154 1180 1189 pro
1213 1143 1365 1188 generali
1401 1149 1645 1178 conseruatore
1679 1147 1797 1179 iul-ium
1832 1150 1865 1180 et
1899 1147 2041 1192 priuile—

151 1209 282 1251 giorum
311 1209 361 1239 est
389 1205 538 1251 predicto
575 1203 692 1238 Ordini
722 1204 897 1251 deputatus
925 1204 1070 1239 vidimus
1112 1209 1144 1239 et
1172 1207 1253 1251 ipsis
1283 1207 1367 1240 visis
1409 1205 1507 1240 nobis
1534 1211 1668 1241 constat
1708 1211 1741 1241 et
1769 1207 1842 1252 atijs
1885 1213 2040 1243 constare

154 1270 287 1314 poterit,
330 1266 417 1313 quod
460 1265 579 1301 Abbas
621 1266 790 1312 predictus
832 1266 1020 1300 honorabili
1062 1269 1136 1300 viro
1180 1266 1314 1301 domino
1357 1267 1518 1302 Budizlao
1562 1268 1692 1303 decano
1729 1268 1943 1304 Oloniucensi
1980 1282 2040 1317 per

150 1333 299 1363 nostram
329 1328 589 1362 olomucensem
619 1328 791 1374 dyocesim
820 1331 915 1362 vices
945 1340 1023 1363 suas
1054 1331 1220 1363 commisit
1248 1332 1280 1363 in
1309 1333 1412 1363 totum
1448 1329 1530 1364 dans
1560 1330 1668 1364 eidem
1691 1331 1875 1365 secundum
1898 1331 2038 1366 formam

151 1393 398 1425 commissionis
440 1389 502 1424 sibi
531 1390 618 1424 facte
659 1390 792 1436 plenam
836 1393 1085 1424 auctoritatem·
1110 1390 1315 1437 procedendi
1358 1396 1473 1425 contra
1517 1392 1602 1436 illos,
1632 1395 1687 1438 qui
1730 1392 1847 1428 domos
1890 1394 2039 1428 eiusdem

152 1452 291 1488 ordinis.
321 1457 353 1486 et
381 1455 587 1499 pertinentes
631 1451 671 1486 ad
700 1455 790 1498 ipsas
820 1457 936 1486 contra
981 1452 1103 1486 indulta
1133 1457 1165 1487 et
1193 1464 1357 1487 concessa
1402 1456 1482 1499 ipsis
1512 1453 1689 1500 priuilegia
1733 1466 1815 1488 ausu
1859 1460 2037 1490 temerario

152 1519 361 1561 presumeret
390 1517 421 1548 in
452 1514 562 1560 aliquo
591 1508 800 1560 perturh'are„
831 1519 864 1548 et
892 1513 955 1548 hee
984 1514 1102 1549 (lomus
1131 1519 1207 1550 sunt
1234 1514 1391 1550 videlicet
1419 1518 1452 1549 in
1481 1515 1681 1561 tt'elegrad,
1706 1516 1901 1562 Byzowicz.
1928 1518 2040 1552 Tuss—

152 1579 286 1610 nowicz
329 1580 361 1610 et
403 1574 514 1610 Ossia.
557 1575 679 1610 Datum
721 1579 754 1610 in
795 1575 958 1614 ModricZ.
1001 1577 1103 1611 Anno
1145 1576 1280 1611 Domini
1321 1576 1498 1611 Millesimo
1542 1577 1796 1613 Trecentesimo
1841 1579 2038 1624 YndecimQ

153 1637 277 1680 Quinto
306 1637 385 1671 Idus
414 1637 572 1683 Augusti.

468 1717 557 1751 (Orig.
584 1715 732 1744 membran.
759 1726 817 1744 cum
842 1718 934 1753 sigillo
961 1718 1093 1745 bilaterali
1119 1719 1187 1745 bene
1212 1723 1376 1746 conservato
1402 1719 1427 1746 in
1448 1720 1559 1747 archivo
1584 1719 1741 1747 monasterii
1768 1721 1857 1755 ..Aula
1877 1722 1905 1748 S.
1926 1721 2035 1748 Mariae*

573 1770 643 1805 apud
668 1770 697 1797 C.
724 1770 753 1797 n.
779 1771 896 1799 Gubern.
922 1772 1016 1798 ssrunae
1041 1772 1090 1798 sub
1117 1772 1156 1798 lit.
1182 1772 1209 1799 B.
1236 1781 1261 1799 n.
1291 1772 1333 1801 1.»

1062 1867 1128 1901 LV.

325 1930 534 1995 «lohannes,
577 1963 639 1985 rex
668 1950 851 1989 Bohemiaei
891 1954 980 1998 petit.
1024 1957 1057 1986 ut
1099 1951 1323 1995 llermannus,
1367 1953 1642 2000 archiepiscopus
1683 1953 1901 1999 Moguntinus
1944 1958 2039 1990 vices

151 2024 231 2048 suas
259 2024 320 2060 pro
349 2015 570 2047 coronatione
599 2015 726 2058 reginae
742 2012 913 2048 Bohemiae
936 2016 1117 2048 committat
1139 2013 1362 2059 suffraganeis
1384 2014 1547 2060 Pragcnsi
1571 2020 1603 2050 et
1626 2015 1842 2050 Olomuccnsi
1865 2020 2037 2064 episcopo.

152 2074 206 2109 Dt.
237 2074 355 2120 Pragae
384 2079 461 2109 ante
490 2074 611 2109 festum
641 2074 676 2109 S.
706 2074 882 2109 Michaelis
914 2075 1024 2109 1311.

468 2142 578 2169 Dobner
601 2142 627 2168 in
652 2142 816 2170 Monument.
844 2143 888 2170 iv.
915 2152 940 2178 p.
969 2142 1040 2170 284.
1067 2143 1241 2170 Wurdtwcin
1268 2143 1292 2170 in
1317 2144 1446 2171 subsidiis
1471 2145 1654 2180 diplomaticis
1679 2147 1707 2174 T.
1733 2146 1766 2174 V.
1792 2156 1818 2182 p.
1849 2146 1932 2179 196.)

1055 2238 1138 2273 LVI.

295 2304 406 2339 Aliud
434 2308 675 2339 testamentum
708 2305 928 2339 Thecheneii.
959 2307 1120 2341 canonici
1150 2306 1395 2341 olomucensis.
1425 2308 1553 2342 Actum
1584 2321 1674 2343 anuo
1706 2309 1817 2344 1312.
1850 2310 1893 2354 ᾗ)

334 2380 382 2435 ln
410 2400 554 2436 Nomine
582 2402 717 2436 Domini
748 2403 869 2437 Amen.
900 2402 977 2448 Ego
1008 2403 1245 2439 Thcchoncius
1275 2404 1467 2441 Canonicus
1502 2406 1738 2442 Olomucensis
1775 2407 1919 2441 ecclesie
1955 2418 2036 2442 sana

152 2467 264 2497 mente
293 2467 325 2497 et
354 2466 484 2508 integra
515 2466 663 2498 racione.
695 2468 807 2499 sciens
837 2465 923 2511 quod
954 2464 1052 2499 nichil
1083 2469 1133 2500 est
1161 2469 1292 2500 cercius
1327 2471 1445 2510 morte,
1475 2472 1507 2501 ct
1536 2468 1635 2502 nichil
1674 2472 1725 2503 est
1760 2471 1926 2502 incercius
1956 2468 2037 2502 hora

151 2527 278 2558 mortis.
310 2524 350 2558 de
379 2524 479 2559 rebus
509 2525 606 2559 michi
643 2538 660 2560 a
691 2525 765 2561 Deo
801 2526 930 2561 collatis
960 2525 1048 2561 facio
1083 2531 1115 2561 et
1144 2527 1253 2561 condo
1292 2539 1402 2563 meum
1439 2533 1682 2564 testamentum.
1721 2530 1780 2564 sub
1819 2530 1881 2563 hac
1918 2529 2036 2564 l'orma.

151 2585 189 2620 In
218 2588 333 2632 primis
362 2589 609 2632 possessiones7
641 2599 723 2633 quas
752 2591 817 2623 emi
847 2591 878 2622 in
909 2588 1051 2622 Pistritz.
1083 2593 1115 2623 et
1149 2591 1181 2623 in
1210 2588 1369 2624 Nercdin.
1408 2593 1503 2625 sicuti
1541 2594 1643 2637 priori
1680 2596 1878 2626 testamento
1913 2594 2036 2626 contuli

152 2647 218 2681 lilio
246 2647 443 2682 wenceslai
473 2648 631 2683 Radslao.
662 2653 798 2684 nomine
827 2653 955 2685 vicarie
997 2653 1102 2685 sancti
1131 2650 1253 2696 Egidii.
1285 2655 1316 2686 in
1347 2652 1464 2687 eadem
1490 2653 1565 2687 villa
1603 2653 1731 2687 Bistriz.
1762 2657 1880 2699 quator
1909 2654 2036 2688 laneos.

152 2709 537 2758 ‘'Yanref'a‘iffihffissoe
556 2730 579 2750 et
603 2726 675 2752 ¹31³.
697 2728 732 2755 (n.
753 2727 801 2752 xv.
823 2732 847 2752 «-ι
869 2727 980 2759 ixxm)

1807 2779 1826 2805 (ε
