2341 3005
139 274 257 299 omnes
286 263 422 298 ordines
451 266 646 310 promoveri
675 267 707 298 et
730 263 1002 298 ecclesiasticum
1031 262 1231 298 beneficium
1261 263 1414 298 obtinere
1443 276 1503 311 per
1531 265 1647 300 sedem
1671 258 1891 313 apostolicam
1921 270 2030 303 extitit

139 326 380 372 dispensatum.
441 325 591 371 Cumque
633 325 845 372 postmodum
894 328 926 360 in
968 325 1134 371 Pragensi
1178 325 1396 360 Olomucensi
1439 331 1469 360 et
1513 327 1794 373 XYissegradensi
1840 328 2026 375 PragensiS

138 386 296 422 Diocesis
326 387 482 422 ecclesiis
514 387 741 422 Canonicatus
771 392 804 421 et
833 387 1024 434 prebendas
1053 399 1093 421 ac
1123 387 1293 434 Capellam
1324 391 1432 422 sancti
1462 388 1616 435 Procopii
1653 393 1684 424 in
1713 391 1861 437 Antiqua
1891 390 2029 426 Brunna

138 451 192 483 cui
220 452 406 483 animarum
437 461 517 483 cura
547 461 614 483 non
643 452 792 483 imminet
814 448 1052 484 Oiomucensis
1083 449 1230 484 dlocesis
1252 453 1431 484 succesive
1460 450 1586 485 fuisses
1617 451 1699 485 alias
1722 457 1834 487 tamen
1863 456 2029 488 canonice

138 515 314 545 assecutus
348 511 489 556 illosque
519 511 709 556 aliquandiu
739 514 939 546 retinuisses
974 510 1103 545 fructus
1132 511 1280 546 redditus
1317 516 1349 546 et
1379 517 1563 558 proventus
1606 516 1796 560 percipiens
1826 526 1870 549 ex
1899 515 2028 549 eisdem

138 584 178 606 ac
200 583 246 607 ex
266 584 306 607 eo
336 573 423 619 quod
452 578 566 619 preter
587 572 728 607 formam
759 573 1021 619 dispensationis
1050 573 1219 617 eiusdem.
1250 573 1476 608 Canonicatus
1505 579 1538 609 et
1567 574 1758 621 prebendas
1788 587 1828 610 ac
1857 575 2029 623 Capellam

137 633 287 681 prefatos
317 638 471 669 extiteris
502 640 678 669 assecutus
707 639 738 669 et
769 634 895 669 fructus
929 635 1078 669 redditus
1107 640 1140 670 et
1167 640 1354 682 proventus
1384 647 1590 683 perceperas
1619 637 1847 683 supradicto&
1877 643 1910 674 te
1939 650 2030 673 con—

138 698 277 731 scientie
306 696 482 743 scrupulus
510 697 732 739 remorderet.
764 701 862 743 teque
887 708 989 744 super
1017 696 1080 731 hoc
1110 697 1151 731 ad
1179 701 1324 743 gratiam
1352 698 1442 732 sedis
1479 698 1664 744 apostolice
1694 704 1889 734 recurrente
1918 705 2029 735 tecum

138 758 226 804 quod
256 758 363 793 dictos
393 758 623 793 Canonicatns
653 763 684 793 et
720 758 910 805 prebendas
939 759 1026 793 nulla
1056 764 1167 794 tamen
1203 759 1243 794 de
1273 760 1357 794 dicta
1390 760 1525 806 Capella
1562 759 1604 794 ob
1634 763 1805 807 petitionis
1835 773 1937 808 super
1965 762 2029 797 hoc

136 831 197 867 pro
225 825 321 867 parte
355 824 409 855 tua
452 819 564 854 oblate
594 820 761 855 defectum
796 820 907 855 habita
943 824 1114 856 mentione
1143 832 1262 868 posses
1297 822 1386 856 licite
1414 825 1560 857 retinere
1603 834 1665 857 nec
1694 834 1761 857 non
1800 823 1888 868 quod
1917 829 2031 870 preter

137 881 275 916 eosdem
305 884 527 916 canonicatus
557 886 589 916 et
611 882 814 929 prebendas.
846 883 1040 928 dignitatem
1069 883 1125 918 vel
1154 889 1372 930 personatum
1403 896 1461 918 scu
1485 884 1632 919 officium
1662 896 1736 919 cum
1766 896 1847 919 cura
1870 886 1926 920 vel
1955 889 2026 921 sine

137 955 218 978 cura
248 946 276 978 si
304 943 361 978 tibi
391 943 474 978 alias
504 947 668 978 canonice
691 945 837 979 conferri
866 945 921 979 vel
950 945 1044 979 offeri
1067 949 1278 991 confingeret
1309 958 1372 980 una
1403 958 1478 980 cum
1502 940 1765 981 Canon'icatilms
1795 952 1828 981 et
1848 947 2029 994 prebendis

137 1005 264 1041 eisdem
298 1005 404 1040 libere
441 1009 596 1052 recipere
633 1006 783 1053 predicto
819 1006 951 1041 defectu
981 1019 1021 1041 ac
1056 1007 1228 1053 generalis
1264 1008 1402 1042 Concilii
1439 1014 1471 1043 et
1509 1008 1654 1054 qualibet
1689 1009 1753 1043 alia
1790 1012 2029 1044 constitutione

136 1071 306 1103 contraria
348 1079 562 1115 nequaquam
598 1067 809 1103 obstantibus
851 1080 912 1116 per
953 1073 1085 1103 nostras
1128 1072 1210 1103 certi
1244 1073 1371 1104 tenoris
1414 1070 1526 1104 literas
1567 1071 1722 1105 duximus
1766 1071 2026 1118 dispensandum

137 1141 271 1165 omnem
304 1129 442 1164 infamie
471 1134 503 1164 et
537 1129 754 1165 inhabilitatis
793 1131 957 1165 maculam
987 1133 1060 1165 sive
1089 1135 1203 1166 notam
1233 1134 1265 1165 in
1303 1136 1333 1166 te
1363 1144 1407 1166 ex
1443 1132 1671 1179 predictorum
1703 1132 1969 1167 Canonicatuum
1998 1138 2030 1168 et

138 1192 384 1239 prebendarum
413 1204 452 1226 ac
483 1192 617 1238 Capelle
648 1196 748 1227 etiam
778 1196 967 1227 retentione
1002 1197 1033 1227 et
1062 1192 1229 1228 fructuum
1257 1193 1443 1228 reddituum
1479 1199 1510 1229 et
1540 1200 1765 1241 proventuum
1800 1195 2029 1242 predictorum

136 1257 373 1301 perceptione,
404 1265 488 1300 quos
525 1254 581 1288 tihi
611 1254 651 1288 de
686 1258 795 1300 gratia
834 1255 972 1302 speciali
1001 1258 1190 1290 remisimus
1226 1260 1257 1290 et
1293 1255 1492 1290 donauimus
1529 1256 1694 1291 adversus
1723 1261 1755 1291 te
1793 1257 2028 1303 quoquomodo

135 1315 274 1351 obortas
310 1316 350 1351 de
393 1316 578 1362 apostolice
611 1320 785 1363 potestatis
826 1317 1032 1364 plenitudine
1068 1317 1235 1352 abolendo
1278 1330 1318 1352 ac
1346 1318 1581 1352 nichilominus
1612 1318 1784 1353 Carissimi
1826 1322 1859 1353 in
1898 1318 2029 1354 Christo

136 1378 190 1412 filii
221 1382 329 1413 nostri
356 1378 522 1413 Johannis
551 1378 657 1424 Regis
686 1378 825 1414 Boemie
855 1379 995 1414 Illustris
1018 1392 1078 1426 pro
1108 1384 1139 1414 te
1169 1385 1246 1414 tunc
1272 1380 1370 1415 nobis
1400 1392 1501 1426 super
1531 1380 1592 1415 hiis
1616 1380 1783 1415 humiliter
1811 1381 2028 1428 supplicantis

137 1444 267 1487 tuisque
296 1441 595 1488 supplicationibus
625 1441 771 1476 inclinati
801 1447 923 1486 tecum,
954 1442 1042 1487 quod
1071 1442 1215 1476 eandem
1243 1441 1413 1489 Capellam
1443 1454 1509 1477 una
1539 1454 1615 1477 cum
1645 1443 1741 1477 dictis
1767 1442 2028 1478 Canonicatibus

135 1506 170 1537 et
195 1502 377 1549 prebendis
420 1515 460 1538 ac
496 1503 676 1548 dignitate,
714 1494 902 1550 ‘personatu
933 1504 986 1539 vel
1028 1504 1139 1538 officio
1169 1504 1358 1539 hutusmodi
1396 1505 1483 1539 licite
1513 1509 1660 1540 retine-re
1697 1505 1833 1540 valeres
1875 1506 2028 1552 sepefato

137 1564 271 1599 defectu
301 1569 333 1600 et
361 1565 489 1600 eisdem
520 1577 559 1599 ac
588 1565 852 1612 quibuscumque
883 1566 954 1600 aliis
984 1566 1276 1601 constitutionibus
1307 1570 1483 1601 c‹i›ntrariis
1504 1578 1717 1613 nequaquam
1746 1567 1957 1602 obstantibus
1987 1567 2028 1601 de

136 1627 276 1674 speciali
312 1627 400 1661 dono
430 1631 538 1673 gratie
574 1639 633 1674 per
662 1628 745 1662 alias
780 1633 913 1662 nostras
942 1628 1069 1663 litteras
1106 1629 1262 1663 duximus
1292 1629 1564 1676 dispensandum.
1609 1628 1680 1663 Nos
1715 1632 1815 1674 igitur
1851 1633 2027 1676 sperantes

133 1689 224 1734 quod
259 1689 490 1724 crescentibus
526 1692 559 1723 in
596 1694 626 1723 te
656 1692 780 1724 nostris
816 1695 849 1724 et-
877 1691 1027 1725 eiusdem
1063 1691 1153 1725 sedis
1188 1694 1305 1737 gratiis
1335 1696 1492 1725 crescent
1529 1694 1560 1725 in
1591 1696 1622 1725 te
1660 1694 1777 1725 merita
1815 1695 1848 1725 et
1875 1694 2027 1736 virtutes,

133 1762 176 1786 ac
204 1751 360 1786 volentes
389 1762 570 1798 personam
600 1756 690 1785 tuam
729 1756 794 1785 tum
824 1758 962 1800 propter
995 1753 1174 1798 grandium
1203 1756 1363 1788 virtutum
1402 1758 1531 1787 tuarum
1562 1756 1698 1797 merita,
1735 1757 1766 1787 et
1795 1752 1884 1787 dona
1914 1752 2029 1787 multi—

134 1812 269 1860 plicium
297 1816 481 1859 gratiarum
511 1812 631 1859 quibus
661 1816 743 1848 sicut
774 1817 965 1849 testimonio
995 1815 1240 1861 fidedignorum
1271 1818 1477 1861 accepimus.
1510 1819 1540 1849 te
1560 1814 1726 1849 Dominus
1757 1817 1933 1860 insignivit
1961 1820 2029 1849 tum

134 1877 234 1910 etiam
263 1874 305 1909 ob
334 1875 641 1909 considerationem
670 1876 820 1910 eiusdem
849 1876 983 1922 Regine
1012 1888 1071 1924 pro
1095 1882 1125 1911 tc
1154 1876 1251 1911 nobis
1281 1888 1383 1923 super
1405 1876 1468 1910 boc
1498 1876 1665 1911 humiliter
1689 1877 1908 1924 supplicantis
1939 1877 2028 1911 dono

134 1939 291 1983 prosequi
320 1940 429 1982 gratie
459 1937 628 1983 amplioris
659 1943 768 1972 tecum
798 1938 885 1984 qnod
916 1937 1048 1973 defectu
1081 1939 1233 1986 predicto
1263 1939 1472 1985 aliquatenus
1501 1950 1569 1973 non
1599 1938 1767 1982 obstante.
1805 1939 1846 1973 ad
1875 1939 2027 1986 Episco-

134 1998 243 2045 palem
266 1998 472 2045 dignitatem.
503 2002 529 2034 si
553 1999 593 2033 ad
623 2012 697 2034 cam
716 2000 797 2034 alias
817 2004 982 2035 canonice
1003 2006 1033 2035 te
1055 2004 1233 2046 eontigerit
1255 2003 1407 2044 evocari,
1437 2001 1524 2035 licite
1545 2003 1655 2047 possis
1677 2003 1815 2045 assumi,
1848 2001 2026 2035 dummodo

135 2065 213 2095 tunc
255 2064 287 2095 in
321 2060 594 2095 Subdiaconatus
629 2062 746 2095 ordine
789 2065 987 2097 constitutus
1023 2066 1171 2107 existas,
1216 2065 1414 2096 auctoritate
1451 2062 1635 2109 apostolica
1672 2062 1713 2097 de
1743 2063 1883 2110 speciali
1918 2066 2027 2109 gratia

133 2122 379 2169 dispensamus.
422 2122 509 2157 Nulli
539 2135 622 2169 ergo
652 2128 715 2158 etc.
746 2129 860 2158 nostre
897 2124 1156 2171 dispensationis
1192 2124 1378 2170 infringere
1407 2129 1472 2159 etc.
1517 2124 1642 2159 Datum
1670 2125 1844 2160 Avinione
1874 2124 1915 2160 V.
1946 2125 2025 2159 Idus

135 2183 292 2219 Octobris
321 2184 423 2220 Anno
452 2185 673 2220 Duodecimo.

451 2249 505 2284 (Ex
540 2249 711 2283 autographo
745 2249 864 2283 Iteuesto
889 2249 1032 2278 Johaimis.
1063 2260 1139 2285 papae
1169 2250 1250 2276 xxn.
1284 2249 1345 2276 anni
1376 2250 1432 2277 XII.
1466 2253 1535 2287 part.
1568 2250 1599 2277 11.
1632 2259 1696 2286 pag.
1734 2249 1782 2278 27.
1815 2249 1896 2284 epist.
1933 2248 2024 2277 1076.

554 2301 580 2328 iu
605 2302 754 2329 Tubulariis
780 2302 919 2329 Vaticanis
944 2303 1074 2330 desumsit
1102 2304 1144 2330 l)r.
1173 2304 1198 2329 ΙίΔ
1225 2303 1336 2335 Dudik.)

997 2372 1167 2408 CCCLVI.

307 2421 516 2476 Johannes.
546 2454 631 2489 papa
654 2443 762 2477 XXII.
793 2442 924 2477 confert
943 2442 1100 2479 .l‹›hanni.
1131 2448 1210 2477 nato
1233 2443 1432 2479 cheeslai
1463 2447 1554 2491 regis
1577 2444 1757 2482 Boliemia’.
1789 2446 2024 2477 canonicatum

133 2506 165 2538 in
208 2504 353 2538 ecclesia
389 2503 633 2549 bantbergensi
676 2516 860 2539 reservans
904 2508 963 2551 ipsi
1002 2505 1220 2552 prebendam.
1265 2506 1460 2552 dignitatem
1505 2511 1535 2541 et
1577 2510 1794 2553 personatum
1840 2508 1870 2539 in
1906 2505 2023 2539 eadem

131 2565 277 2601 ecclesia
307 2570 499 2600 vacaturos.
532 2565 585 2600 Dt.
615 2567 788 2601 Avinione
818 2567 859 2601 Y.
893 2567 968 2601 Idus
999 2567 1155 2601 Octobris
1191 2567 1299 2602 1:327.

449 2628 502 2657 (Ex
538 2630 710 2664 autographo
748 2631 867 2665 Regesto
891 2629 1036 2663 johannis,
1063 2639 1137 2665 papie
1164 2630 1245 2658 XXII.
1281 2631 1341 2658 anni
1368 2632 1426 2658 fxii.
1459 2634 1526 2666 part.
1558 2631 1577 2657 1.
1604 2639 1664 2664 [mg.
1697 2629 1753 2656 12&
1787 2628 1867 2664 epist.
1901 2627 1971 2656 344.
1998 2628 2023 2655 in

553 2682 702 2709 Tabulariis
729 2683 866 2711 vaticanis
895 2683 1026 2711 desumsit
1053 2684 1095 2710 Dr.
1123 2683 1150 2710 B.
1176 2683 1288 2717 Dudik.)

1773 2734 1813 2763 35
