2357 3021
1089 189 1111 224 3

1070 303 1128 339 ΙΙΙ.

159 385 341 430 thdolfets,
372 396 439 419 rex
466 384 654 429 Bobemr’ae,
685 383 813 418 liberat
843 385 935 418 esces
964 383 1164 418 Brunenses
1193 395 1215 417 a
1249 383 1422 418 solutione
1457 384 1619 419 thelonei.
1656 384 1786 420 Datum
1814 387 1848 419 in
1879 385 2039 419 Chrmlim

783 445 871 481 IIII.
902 445 1051 480 Kalend.
1081 445 1271 480 Februarii
1297 445 1410 480 1307.

333 523 426 579 Nos
453 542 617 578 Rudolfus
646 542 699 577 dei
727 545 844 588 gracia
866 542 1004 577 Boemie
1033 547 1066 578 et
1086 542 1225 577 Polonie
1253 554 1327 587 rex,
1356 542 1478 577 Notum
1506 542 1647 577 facimus
1668 545 1838 578 vniuersis
1861 548 2037 590 presentes

157 606 270 640 literas
298 607 510 652 inspecturis.
542 603 639 646 Quod
667 615 730 639 nos
761 604 889 638 Ciuium
925 609 1116 639 nostrorum
1150 604 1398 639 Brunnensium
1433 603 1588 651 precibus
1623 604 1852 639 fauorabiliter
1880 606 2038 643 inclinati.

158 666 259 703 Ciues
288 670 380 714 ipsos
409 678 428 701 a
456 666 630 701 solucione
659 665 834 700 cuiuslibet
863 665 1007 701 thelonei
1035 669 1067 701 in
1100 666 1240 701 Boemia
1269 670 1301 700 et
1329 665 1481 700 Morauia
1516 677 1576 713 per
1610 677 1670 701 eos
1706 666 1746 701 de
1775 666 1942 702 mercibus
1971 670 2039 702 suis

157 728 322 773 soluendi,
345 727 549 763 absoluimus
571 732 604 762 et
626 739 702 762 esse
724 727 879 762 volumus
903 727 1040 762 eosdem
1067 727 1192 763 liberos
1215 732 1247 762 et
1268 732 1455 774 exemptos.
1481 726 1593 770 Quare
1614 730 1782 763 vniuersis
1806 728 2038 774 Thelonearijs

156 801 217 826 seu
245 789 431 825 rectoribus
461 792 610 824 omnium
637 789 867 824 theloneorum
902 801 963 836 per
994 789 1169 824 Boemiam
1197 794 1229 824 et
1255 789 1453 833 Moraniam,
1489 793 1543 836 qui
1578 802 1667 824 nunc
1702 794 1788 834 sunt,
1824 794 1855 824 et
1890 794 1942 836 qui
1978 802 2038 837 pro

155 855 306 898 tempore
333 850 468 895 fuerint,
497 851 708 895 mandamus,
743 855 779 886 ut
815 851 855 886 de
882 850 1053 886 Mercibus
1088 854 1235 898 ipsorum
1271 852 1400 886 ciuium
1435 851 1559 886 nullum
1592 851 1784 886 theloneum
1818 854 1957 897 exigant
1983 852 2038 886 vel

155 916 338 960 requirant,
366 916 402 948 in
429 916 524 948 cujus
551 916 602 948 rei
630 916 855 948 testimonium
883 918 1060 961 presentes
1093 913 1207 948 literas
1242 913 1313 948 fieri
1349 917 1381 947 et
1415 917 1546 948 secreto
1582 913 1693 959 sigillo
1728 917 1843 949 nostro
1878 916 2038 949 iussimus

156 978 363 1010 communiri.
397 962 522 1010 Datum
563 977 597 1009 in
634 974 804 1022 Chrudym
840 975 943 1010 Anno
979 975 1103 1010 domini
1136 974 1313 1010 Millesimo
1349 975 1602 1011 Trecentesimo
1639 975 1800 1022 Septimo.
1829 974 1920 1010 11110.
1962 974 2036 1010 Kal.

155 1035 342 1083 Februarij‚
368 1035 564 1072 Indiccione
592 1038 717 1083 quinta,
745 1036 944 1083 Regnorum
970 1041 1161 1071 nostrorum
1188 1037 1291 1072 Anno
1319 1036 1441 1072 Primo.

469 1130 503 1164 (E
530 1129 607 1157 litera
634 1129 847 1157 confirmationis
871 1130 1015 1166 Jotmnnis,
1039 1130 1114 1165 regis
1135 1130 1271 1157 Bohemiae
1286 1130 1318 1157 ab
1339 1138 1409 1158 anno
1438 1128 1528 1158 1312.
1554 1131 1630 1165 cujus
1644 1130 1717 1166 Orig.
1731 1134 1855 1158 servatur
1878 1131 1904 1158 in
1928 1130 2038 1158 archivo

574 1183 696 1218 ejusdem
722 1182 851 1216 civitatis,
876 1183 905 1210 E.
932 1183 964 1211 ΙΙ.
990 1192 1015 1211 n.
1044 1182 1086 1216 2.)

1065 1306 1123 1341 IV.

155 1385 353 1430 Elisabeth,
383 1385 567 1420 abbatissa
594 1387 629 1420 in
662 1386 768 1420 Oz-la
806 1386 921 1420 cendit
956 1387 1166 1421 monasterio
1203 1388 1234 1420 2'72
1275 1386 1414 1421 Cedle'ez
1451 1386 1620 1430 (Secllec)
1657 1379 1775 1420 villam
1813 1385 2035 1431 „Pazez‘czss

721 1448 795 1500 su·
827 1449 858 1482 in
890 1447 1057 1493 Ζιιοφηα,
1088 1448 1143 1482 die
1171 1448 1304 1483 Priscae
1334 1448 1446 1483 1307.

330 1523 379 1578 ln
412 1547 548 1579 nomine
582 1544 717 1579 Domini
759 1556 868 1579 amen.
912 1545 981 1580 Res
1016 1549 1113 1591 geste
1148 1556 1167 1580 a
1202 1548 1365 1580 memoria
1400 1545 1569 1580 hominum
1605 1545 1780 1581 elabuntur
1815 1544 1937 1582 subito.
1975 1547 2038 1579 nisi

154 1606 324 1640 literarum
351 1608 542 1641 testimonio
577 1605 700 1642 fuerint
728 1607 881 1653 legaliter
908 1607 1125 1654 perhennate.
1159 1607 1267 1649 Quam
1294 1606 1336 1642 ob
1366 1618 1436 1642 rem
1466 1605 1538 1642 nos
1555 1619 1653 1643 soror
1680 1607 1844 1651 Elizabet‚
1868 1607 2036 1641 abbatissa

154 1666 287 1702 cenobii
317 1667 619 1702 sanctimonialium
654 1671 687 1702 in
717 1668 811 1712 Ozla,
850 1668 1085 1703 Cisterciensis
1120 1669 1257 1713 ordinis,
1294 1668 1530 1703 Olomucensis
1565 1669 1721 1703 diocesis.
1759 1671 2037 1713 recognoscimus

155 1733 189 1763 et
217 1728 258 1763 ad
287 1731 447 1763 noticiam
482 1728 667 1763 futurorum
697 1733 846 1776 cupimus
877 1735 993 1765 tenore
1028 1734 1205 1777 peruenire
1234 1733 1446 1777 presencium
1481 1731 1673 1765 litterarum.
1711 1731 1796 1776 quod
1834 1742 1895 1764 nos
1931 1733 2037 1764 tocius

155 1790 289 1836 collegii
317 1793 421 1825 nostri
451 1795 619 1825 annuente
648 1791 790 1825 consilio
820 1795 1042 1826 conniuencia
1071 1797 1102 1826 et
1132 1804 1286 1836 assensu,
1315 1791 1502 1826 venerabili
1532 1795 1564 1826 in
1595 1792 1725 1826 Christo
1755 1795 1841 1839 patri
1869 1791 1910 1826 Ι).
1935 1791 2038 1838 Hey-

155 1851 284 1887 dinrico
321 1851 431 1887 abbati
465 1854 499 1886 in
536 1852 669 1887 Cedlicz
705 1853 853 1887 similiter
889 1854 1123 1889 Cisterciensis
1158 1854 1285 1889 ordinis
1327 1853 1511 1898 Pragensis
1547 1854 1692 1889 diocesis
1726 1854 1840 1889 villam
1874 1858 2036 1897 nostrann

155 1925 220 1960 que
247 1913 384 1949 Pawicz
411 1914 516 1960 vulgo
545 1914 674 1959 dicitur‚
705 1917 800 1949 sitam
829 1917 919 1949 circa
948 1920 1097 1950 nostrum
1126 1918 1375 1959 monasterium,
1406 1926 1480 1949 cum
1516 1914 1670 1950 omnibus
1700 1918 1770 1950 suis
1804 1914 2034 1962 prouentibus.

154 1975 281 2011 iuribus
309 1980 343 2011 et
369 1978 585 2023 pertinenciis
614 1979 795 2020 vniuersis‚
827 1976 868 2011 ab
891 1976 1010 2011 eodem
1038 1977 1079 2011 D.
1103 1976 1310 2023 Hcydinrico
1326 1976 1445 2011 abbate
1467 1980 1602 2023 suisque
1625 1977 1879 2012 successoribus
1901 1980 2036 2011 nomine

154 2036 275 2084 prefati
308 2041 503 2073 monasterii
545 2041 578 2072 in
615 2037 747 2073 Cedlicz
781 2041 853 2073 iure
888 2043 1048 2085 perpetuo
1084 2039 1274 2083 tenendam,
1315 2039 1552 2085 possidendam
1594 2044 1628 2073 et
1668 2039 1866 2085 regendam,
1910 2043 2037 2073 matura

155 2098 404 2134 deliberacione
431 2102 560 2147 prema,
589 2102 651 2134 rite
687 2104 719 2134 et
747 2099 996 2134 racionabiliter
1030 2101 1253 2135 vendidimus.
1287 2100 1436 2136 dedimus
1472 2105 1505 2135 et
1531 2103 1779 2146 resignauimus
1814 2111 1875 2147 pro
1904 2105 2036 2135 centum

155 2164 189 2194 et
221 2164 400 2207 sexaginta
435 2166 576 2208 quatuor
617 2164 750 2195 marcis.
787 2173 935 2196 marcam
970 2161 1147 2208 quamlibet
1190 2173 1250 2208 per
1283 2166 1461 2207 sexaginta
1504 2167 1645 2209 quatuor
1680 2163 1862 2208 Pragensis
1904 2166 2038 2196 monete

156 2221 313 2257 denarios
341 2223 577 2270 computando.
611 2222 717 2264 Quam
747 2235 909 2258 summam
938 2226 1092 2270 pecunie,
1124 2228 1256 2258 centnm
1282 2224 1440 2259 videlicet
1468 2229 1501 2259 et
1535 2227 1715 2269 sexaginta
1744 2235 1945 2259 marearum.
1973 2235 2036 2258 nos

156 2283 363 2329 integraliter
389 2288 586 2331 percepisse
615 2289 649 2319 et
675 2288 707 2319 in
737 2285 908 2319 utilitatem
937 2285 1075 2331 predicti
1104 2288 1209 2319 nostri
1239 2289 1430 2320 monasterii
1452 2289 1486 2320 in
1509 2286 1591 2320 Ozla
1620 2286 1813 2333 profitemur
1841 2286 2036 2320 euidencius

155 2348 376 2380 conuertisse.
404 2345 477 2381 Nos
506 2349 643 2393 insuper
665 2349 755 2381 omni
775 2349 836 2380 iuri
853 2350 883 2380 et
907 2346 1038 2381 cuilibet
1062 2345 1342 2382 abrenunciamus
1363 2347 1480 2392 liberes,
1510 2348 1598 2394 quod
1626 2347 1723 2383 nobis
1753 2352 1786 2382 et
1812 2352 1927 2383 nostro
1957 2357 2037 2381 mo-

154 2409 302 2441 nasterio
335 2409 370 2441 in
404 2413 651 2454 prememorata
686 2409 764 2443 villa
800 2408 936 2443 Pawicz
978 2411 1118 2454 eiusque
1153 2411 1369 2455 pertinenciis
1404 2409 1559 2445 omnibus
1595 2414 1628 2444 et
1661 2409 1802 2455 singulis
1843 2412 2036 2455 competere

154 2466 332 2502 videbatur
358 2469 562 2516 temporibus
598 2469 639 2504 ab
669 2473 824 2516 antiquis.
861 2469 902 2504 Et
930 2481 972 2504 ne
1001 2469 1129 2516 prefata
1158 2473 1287 2517 empcio
1322 2470 1472 2506 venditio
1507 2483 1567 2506 seu
1602 2474 1786 2516 resignatio
1822 2482 1840 2504 a
1870 2481 2036 2516 quoquam

153 2531 186 2563 in
215 2534 386 2575 posterum
413 2534 587 2565 retractari
608 2532 720 2566 valeat
748 2532 803 2566 vel
834 2531 1020 2578 aliqualiter
1042 2532 1212 2576 infirmari,
1242 2537 1431 2578 presentem
1454 2536 1612 2580 paginam
1637 2532 1750 2574 scribi‚
1780 2537 1812 2566 et
1832 2531 2037 2567 venerabilis

153 2593 186 2625 in
219 2590 350 2626 Christo
378 2595 480 2638 patris
490 2591 536 2626 D.
560 2592 697 2628 Henrici
718 2593 1011 2638 ll'elcgradeiisis‚
1042 2595 1226 2628 visitatoris
1247 2597 1351 2629 nostri
1380 2598 1557 2639 carissimi,
1580 2595 1621 2629 l).
1647 2594 1813 2629 Cbunradi
1836 2593 1924 2628 Aule
1939 2596 2036 2640 regie

157 2651 326 2697 abbatum,
363 2652 482 2688 nobilis
517 2657 581 2689 viri
616 2654 657 2689 D.
693 2645 869 2701 Ratyborii
906 2654 982 2689 dicti
1011 2654 1053 2689 de
1081 2654 1299 2700 Mizilboricz‚
1329 2655 1514 2691 fundatoris
1549 2659 1656 2691 nostri
1693 2655 1813 2699 dilecti,
1843 2658 1897 2702 qui
1927 2658 2035 2689 eciam

153 2713 313 2760 prelibate
342 2719 455 2749 nostre
477 2715 662 2751 venditioni
683 2716 913 2752 fauorabiliter
941 2719 1067 2762 annuit,
1089 2719 1194 2752 nostri
1216 2728 1348 2765 quoque
1369 2718 1554 2764 sigillorum
1575 2720 1757 2752 munimine
1779 2719 2035 2764 proeurauimus

1783 2777 1797 2808 1
1810 2778 1826 2793 4
