2341 3005
1028 143 1103 179 255

128 271 262 302 nostros
290 266 505 314 spectabant,
545 272 575 302 et
604 271 689 303 sicut
723 270 797 315 ipsa
824 267 956 313 Regina
990 279 1030 303 ea
1063 279 1082 302 a
1110 267 1207 302 nohis
1235 274 1507 314 comparauerat‚
1542 281 1602 316 pro
1637 274 1728 304 certa
1764 280 1824 305 sue
1852 269 1938 304 dotis
1967 275 1999 305 et

128 328 272 373 dotalicij
301 331 444 375 pecunie
466 332 658 375 quantitate.
688 318 826 375 Nosque
847 329 967 363 dictam
996 329 1218 364 donacionem
1240 334 1344 364 ratam
1366 335 1397 364 et
1417 334 1547 375 gratam
1570 331 1731 366 habentes
1751 331 1999 375 confirmantes,

127 388 370 436 approbantes,
401 395 432 424 et
461 391 683 434 ratiiicantes‚
716 402 761 425 ex
789 395 879 425 certa
910 395 1022 425 nostra
1051 393 1199 425 sciencia
1233 390 1275 425 de
1303 391 1506 438 plenitudine
1534 395 1629 438 regie
1662 396 1855 439 potestatis*
1893 397 1926 428 et
1959 393 2001 427 ad

128 449 192 485 hec
218 454 330 485 omnia
359 451 506 498 predicta
527 452 764 487 vendicionem
784 456 815 487 et
838 452 1069 496 donacioneim
1098 451 1190 496 Jura,
1221 455 1354 498 gracias
1383 458 1415 487 et
1434 453 1613 497 libertates
1644 466 1705 500 per
1723 453 1794 489 Nos
1822 454 2002 489 liberaliter

127 511 222 547 datas
251 517 283 547 et
311 524 510 547 concessas.
547 518 643 560 prout
678 516 710 548 in
745 514 848 548 literis
883 525 984 561 super
1018 513 1081 548 hoc
1115 513 1277 548 confectis
1310 514 1439 561 plenius
1475 518 1678 549 continetur.
1714 515 1807 550 firma
1837 521 1869 550 et
1905 520 2000 562 grata

126 567 301 618 habentes,
332 574 427 609 huius
457 577 568 621 scripti
597 578 783 622 patrocinio
812 579 1072 619 communimus,
1102 575 1304 622 Supplentes
1333 587 1465 610 omnem
1494 575 1671 620 defectum,
1702 580 1729 611 si
1758 581 1829 623 quis
1858 580 1890 611 in
1918 589 2002 624 pre-

126 637 236 673 missis
265 634 405 670 forsitan
433 636 588 670 omnibus
617 639 813 672 interuenit.
845 637 885 671 de
913 641 1027 671 nostre
1056 639 1239 671 maiestatis
1267 637 1472 684 plenitudine
1501 641 1687 685 potestatiS.
1718 638 2002 675 Pronuncciantes

126 701 159 731 et
187 696 398 731 declarantes
419 708 595 744 expresse,
624 698 712 744 quod
731 701 763 732 in
784 698 987 733 uendicione
1007 701 1079 733 siue
1100 698 1287 733 donacione
1307 699 1530 746 predictorum
1559 699 1723 734 bonorum
1744 703 1778 734 in
1798 700 1999 747 Hustopecz.

125 756 373 800 Ronanus-102,
403 757 589 793 Scoronicz
612 764 643 794 et
671 760 862 806 specialiter
882 759 1015 794 Meneiz
1043 763 1115 795 siue
1144 763 1185 795 sit
1213 764 1431 796 canonicatus
1459 766 1491 796 et
1512 761 1683 808 prebenda
1711 761 1864 796 Ecclesie
1888 763 2002 796 Sancti

126 818 213 853 Petri
243 822 275 853 in
304 818 459 863 Brunna‚
497 823 569 854 siue
597 820 815 868 parrochialis
850 821 1003 856 Ecclesia
1040 832 1138 856 omne
1173 822 1233 856 Jus
1262 827 1459 869 patronatus
1498 826 1570 857 siue
1598 823 1658 857 Jus
1693 823 1907 870 presentandi
1938 828 2002 857 tain

127 879 394 915 Parrochialium
438 880 683 926 Ecclesiarunl,
727 894 824 929 quam
868 886 1084 918 canonicatus
1128 888 1159 918 et
1193 873 1363 930 prebende
1412 887 1444 918 in
1479 884 1628 927 Meneiz,
1670 896 1745 919 cum
1786 887 2003 919 vniuersitate

125 945 366 989 pertransisse,
401 943 583 977 et‘nulluin
621 944 717 978 nobis
754 943 932 979 heredibus
961 945 1014 979 uel
1049 945 1302 980 successoribus
1331 949 1454 980 nostris
1482 946 1542 980 Jus
1575 951 1783 993 competere.v
1820 946 1873 981 uel
1902 958 2001 992 posse

125 1007 318 1051 competere
346 1006 379 1038 in
401 1008 659 1051 presentat-ione
688 1005 849 1040 dictarum
872 1006 1110 1049 Ecclesiarum,
1141 1006 1346 1041 Canonicatu
1370 1007 1423 1042 uel
1450 1007 1622 1054 prebenda
1651 1011 1684 1042 in
1704 1007 1836 1042 Meneiz
1866 1012 2003 1054 tempo-

124 1063 216 1100 ribus
243 1064 435 1111 profuturis.
465 1065 516 1100 Ne
545 1069 618 1112 quis
647 1072 757 1102 autem
785 1067 955 1102 hominum
984 1071 1223 1114 cuiuscumque
1253 1073 1357 1103 status
1386 1073 1441 1103 aut
1469 1069 1677 1103 condicionis
1710 1072 1848 1113 existat,
1885 1074 2001 1103 eontra

123 1125 291 1175 predicta,
326 1127 581 1172 vendicionem.
620 1128 860 1174 donacionem,
895 1129 1171 1177 Juspatronams,
1207 1130 1260 1165 uel
1294 1130 1354 1164 Jus
1389 1131 1606 1178 presentandi
1641 1131 1764 1178 aliquid
1797 1131 1910 1165 dicere
1948 1131 2000 1165 uel

123 1192 322 1235 attemptare
349 1192 590 1237 presumpserit
613 1190 742 1237 publice
772 1191 826 1225 vel
856 1191 998 1235 occulte,
1029 1191 1070 1226 ad
1098 1194 1234 1226 maioris
1263 1195 1378 1238 gracie
1408 1195 1649 1227 incrementum
1680 1192 1720 1227 de
1749 1204 1840 1227 mera
1861 1192 2000 1238 Regabs

123 1249 359 1285 munificencie
387 1254 502 1296 gracia
531 1254 768 1287 renunciamus
797 1264 960 1300 expresse
989 1256 1079 1287 omni
1106 1253 1177 1288 Juri
1211 1256 1341 1288 aceioni
1370 1256 1402 1288 in
1431 1253 1561 1289 Judicio
1591 1258 1621 1288 et
1651 1259 1758 1298 extra‚
1789 1253 1877 1301 quod
1905 1253 2001 1288 nobis

125 1310 306 1347 heredibus
334 1312 388 1347 uel
417 1312 673 1348 successoribus
701 1318 835 1358 nostris,
865 1314 1016 1359 Regibus
1044 1314 1183 1349 Boemie
1212 1320 1243 1350 et
1270 1314 1520 1350 Marehionibus
1548 1315 1700 1351 Morauie
1723 1319 1756 1350 in
1780 1316 2003 1362 predictorum

124 1372 295 1408 Bonorum
322 1374 525 1409 vendicione
555 1374 743 1410 donacione
771 1376 825 1410 uel
854 1379 1110 1423 prescntacioue
1139 1376 1360 1424 competebat,
1390 1377 1443 1411 uel
1465 1382 1657 1424 competere
1676 1382 1790 1425 posset
1813 1377 2004 1423 quomodo-

126 1434 205 1470 libet
234 1437 267 1470 in
296 1435 452 1480 futurum,v
481 1436 715 1486 l’romittentes
745 1437 832 1472 bona
861 1438 925 1472 fide
954 1442 1085 1482 nostro,
1116 1438 1274 1473 heredum
1305 1450 1343 1473 ac
1373 1450 1610 1474 successorum
1638 1444 1827 1474 nostrorum
1855 1442 2001 1482 nomine7

125 1499 237 1531 omnia
266 1500 451 1544 prescripta
481 1498 716 1533 inuiolabiliter
745 1499 929 1534 obseruare
958 1505 1135 1546 perpetuo,
1164 1511 1228 1534 nee
1257 1505 1373 1535 eontra
1403 1512 1442 1535 ea
1472 1494 1643 1548 quitquam
1671 1505 1868 1548 attemptare
1896 1500 2003 1535 verbo

124 1557 179 1593 uel
208 1557 308 1603 facto,
339 1558 492 1606 pubblice
521 1560 575 1594 uel
597 1560 738 1595 occulte.
767 1561 806 1596 In
835 1563 928 1595 cuius
958 1564 1006 1596 rei
1027 1565 1251 1596 testimonium
1279 1562 1382 1596 robur
1402 1567 1562 1609 perpetue
1593 1562 1754 1596 firmitatis
1778 1562 1818 1596 de
1848 1562 2003 1608 specialis

125 1619 214 1656 dono
234 1623 350 1666 gracie
372 1620 458 1655 hane
487 1621 614 1655 literam
637 1622 799 1667 dedimus,
830 1625 931 1657 nostri
962 1626 1096 1657 maioris
1119 1623 1216 1669 sigilli
1247 1626 1427 1658 munimine
1449 1623 1652 1667 roboratam7
1683 1624 1807 1658 Actum
1829 1628 1859 1657 ct
1881 1623 2003 1657 Datum

122 1681 259 1718 Brunne
288 1681 377 1717 VIII.
406 1682 483 1717 Idus
513 1682 698 1728 1⁴'ebruai·ii5
728 1684 830 1718 Anno
860 1684 982 1719 domini
1010 1683 1199 1729 MillesimQ
1229 1685 1494 1729 Trecentesimm
1523 1688 1843 1732 vicesimoseptimo.

438 1771 527 1807 (Orig.
553 1773 699 1806 membran,
725 1781 783 1799 cum
807 1772 900 1807 sigillo
925 1773 1020 1809 majori
1044 1774 1113 1800 bene
1127 1777 1290 1801 conservato
1314 1774 1340 1801 in
1364 1774 1475 1801 archivo
1492 1774 1613 1809 ejusdem
1637 1774 1796 1801 monasterii
1820 1773 1891 1809 apud
1916 1774 1946 1801 C.
1973 1773 2002 1801 R.

543 1824 659 1852 Gubern.
685 1825 778 1852 Bruua:
803 1826 852 1853 sub
878 1826 917 1854 lit.
944 1827 974 1860 Q.
1000 1835 1026 1854 n.
1055 1825 1119 1862 12.)

949 1939 1179 1975 CCCXXVII.

123 2016 324 2063 Johannes,
368 2030 435 2053 rea:
470 2018 657 2063 Boltemz'ae,
698 2021 829 2054 curiam
872 2021 905 2053 in
946 2020 1031 2054 villa
1077 2019 1193 2065 Tajw
1231 2031 1305 2054 eum
1351 2020 1451 2055 laneo
1491 2021 1538 2054 ad
1583 2022 1693 2066 ipsam
1729 2021 1927 2065 pertinente
1969 2023 2003 2053 el

124 2078 351 2114 molendinum
391 2082 426 2114 in
465 2079 588 2126 Tempe
615 2082 694 2126 Ιίαν-ἰ
737 2081 835 2116 cicili
872 2081 1096 2127 Znogsmensz’s
1131 2083 1284 2116 civitatis
1315 2081 1465 2128 subjicit.
1522 2082 1582 2117 Dt.
1618 2081 1748 2117 Brume
1789 2081 1882 2117 VIII.
1918 2080 2000 2115 Idus

898 2143 1086 2177 Februarii
1114 2143 1226 2179 1327.

298 2209 389 2264 Nos
422 2229 596 2265 Johannes
632 2231 683 2265 dei
712 2234 828 2276 gracia
862 2231 1001 2265 Boemie
1033 2235 1065 2265 et
1094 2231 1231 2266 Polonie
1259 2231 1353 2275 Rex„
1384 2243 1424 2266 ac
1452 2231 1758 2277 Lucemburgensis
1788 2230 1925 2265 Comes.
1961 2230 2002 2264 ad

122 2292 358 2324 vniuersorum
387 2294 543 2326 noticiam
574 2292 727 2327 volumus
757 2297 874 2327 tenore
902 2296 1114 2340 presencium
1139 2296 1327 2340 peruenire,
1359 2292 1455 2335 Quod
1484 2305 1546 2328 nos
1572 2294 1691 2328 dilecto
1721 2292 1816 2326 nobis
1844 2291 2002 2334 Johanni„

123 2350 211 2386 dicto
240 2350 280 2385 de
304 2351 443 2399 Tempe‚
473 2354 560 2399 quod
584 2354 768 2399 volgariter
797 2354 915 2388 dicitur
934 2355 1015 2397 ΑΝ,
1047 2354 1118 2389 Ciui
1147 2359 1260 2389 nostro
1282 2354 1500 2402 ZnoymensQ
1529 2356 1684 2390 volentes
1710 2356 1859 2392 graciam
1889 2353 2003 2387 faeere

123 2412 326 2459 specialem,
356 2414 571 2449 concedimus
600 2415 640 2450 de
669 2415 875 2462 benignitate
902 2415 1033 2461 Regia,
1063 2420 1095 2450 et
1122 2415 1293 2460 sauemus‚
1324 2420 1359 2451 vt
1387 2416 1474 2452 bona
1504 2428 1580 2461 ειμι,
1612 2416 1767 2450 videlicet
1801 2414 1932 2449 Curiam
1970 2417 2004 2449 in

123 2473 202 2508 villa
231 2473 343 2519 Dejax
372 2477 487 2519 sitam,
523 2480 555 2510 et
583 2475 732 2512 Laneum
767 2476 907 2521 ibidem,
944 2480 1006 2524 ipsi
1041 2476 1139 2512 Curie
1178 2480 1414 2524 perfluentem,
1451 2490 1526 2513 cum
1561 2477 1714 2511 omnibus
1749 2479 1818 2511 suis
1855 2475 2003 2513 Juribus.

123 2534 365 2570 vsufructibus.
395 2548 434 2570 ac
455 2540 671 2583 pertinenciJ's
700 2542 879 2573 vniuersis.
911 2541 941 2573 in
963 2538 1226 2585 quibuscumque
1254 2543 1449 2576 consistant.
1479 2552 1518 2573 ac
1540 2542 1647 2573 eciam
1677 2537 1846 2573 ‹liinidium
1867 2537 2004 2572 Molen-

125 2595 256 2641 dinam,
287 2596 408 2631 dictum
438 2597 665 2634 Molendinum
694 2600 894 2635 Richkardis
923 2603 1018 2634 situm
1054 2603 1086 2635 in
1116 2600 1255 2648 Tempe,
1284 2604 1317 2636 in
1346 2600 1458 2636 Litore
1487 2600 1575 2645 ssuuij
1606 2599 1715 2647 Tbye.
1746 2610 1821 2634 eum
1850 2598 2002 2633 oninibus

124 2656 167 2692 ad
195 2660 302 2705 ipsum
332 2659 577 2706 spectantibus,
608 2672 672 2708 que
701 2661 873 2708 hucusque
901 2662 1055 2709 pacifice,
1085 2666 1117 2696 et
1145 2665 1256 2709 quiete
1285 2666 1406 2707 tenuit,
1436 2667 1469 2698 et
1497 2661 1664 2710 possedit3
1695 2672 1828 2708 semper
1857 2663 2002 2705 inantea,
