2325 2941
347 302 538 336 Conceulzts
557 302 759 334 monasterii
779 300 999 334 Gradicensis
1019 301 1186 344 notificat,
1203 300 1292 345 quod
1303 300 1370 344 filie·
1382 299 1534 345 Horyue,
1551 302 1635 334 eicis
1653 300 1895 343 olomucensis,
1912 302 2042 335 curiam
2062 302 2094 334 in
2109 301 2193 335 villa

348 362 466 396 Tou-ei·
477 363 575 395 silam
589 360 750 403 Hem-ico,
768 361 936 395 advocato
949 360 1165 394 Olomucensz·
1175 361 1403 394 vendiderunt.
1422 360 1482 394 Dt.
1493 362 1525 394 2‘12
1538 361 1656 406 vz'qilz'a
1670 360 1700 394 b.
1713 360 1742 394 b.
1756 360 1914 406 Symom’s
1925 365 1958 395 et
1969 362 2066 396 Judae
2078 361 2148 396 131
2158 362 2190 396 7.

512 437 602 490 λος
631 455 796 490 Henricus
824 458 1044 490 miseracione
1073 455 1183 489 diuina
1212 455 1315 489 abhas
1345 460 1496 500 totusque
1537 461 1719 491 conuentus
1752 455 1947 491 Monasterii
1976 456 2191 492 Gradicensis

342 515 472 552 Ordinis
500 516 827 559 Preinonstratensis.
858 515 1019 550 Constare
1047 516 1200 550 volumus
1228 519 1397 551 vniversis
1426 516 1591 551 Tenorem
1619 520 1829 563 presencium
1856 519 2063 563 inspecturis.
2094 516 2191 559 Quod

342 578 444 612 trater
471 577 585 611 Petrus
627 577 750 611 ordinis
792 580 893 611 nostri
936 577 1072 623 predicti
1113 576 1273 623 plebanus
1315 580 1348 611 in
1374 576 1494 613 Nakel.
1523 577 1642 612 Paulus
1684 582 1716 612 et
1745 577 1888 612 Georius
1928 577 1982 622 filij
2025 578 2190 624 qvondam

341 638 478 684 Hor=3ne
507 637 596 672 Ciuis
626 637 856 672 Olomucensis
899 641 931 671 in
959 642 1071 672 nostra
1114 636 1280 671 constituti
1320 641 1507 684 presencia.
1539 638 1670 672 Curiam
1710 641 1742 672 in
1770 638 1849 673 villa
1891 638 2069 674 Thowiers
2096 642 2191 674 sitam

341 710 414 732 cum
444 698 570 733 duobus
598 698 718 733 Laneis
747 709 903 743 agrorum
932 703 963 732 et
991 701 1157 732 vniuersis
1186 710 1226 732 ac
1254 698 1393 743 singulis
1428 698 1632 745 appendicijs
1667 710 1726 733 seu
1760 700 1975 745 pertinencijs
2011 702 2090 743 suis,
2127 711 2191 745 que

340 760 437 793 Curia
468 763 556 805 ipsos
582 771 642 805 per
669 764 808 793 mortem
837 759 912 793 dicti
941 759 1079 805 Horyne
1107 762 1209 805 patris
1237 762 1382 805 ipsorum
1411 762 1481 793 iure
1508 759 1596 794 feodi
1625 760 1850 805 contingebat.
1887 760 2033 794 Henrico
2061 760 2186 795 Aduo—

340 825 416 854 cato
446 820 657 854 Olomucensi
685 819 905 854 vendiderunt
933 824 964 854 et
991 823 1247 865 resignauerunt
1275 831 1349 854 cum
1377 823 1466 854 omni
1494 823 1576 859 iure.
1606 832 1669 866 quo
1705 821 1846 855 eandem
1881 824 2006 855 curiam
2040 824 2189 868 ipsorum

338 881 607 927 predecessores.
637 885 668 915 et
696 883 757 926 ipsi
786 880 826 914 ab
856 883 990 926 antiquo
1020 885 1206 918 tenuerunt.
1235 880 1297 914 hac
1332 881 1528 915 condicione
1557 884 1730 926 signanter
1764 893 1937 928 expressa,
1968 881 2055 928 quod
2089 886 2190 917 ante-

339 941 443 976 dictus
484 942 646 976 Heni-icus
681 941 875 976 Aduocatus
911 941 1143 976 Olomucensis
1178 944 1293 987 suique
1330 952 1546 976 successores
1581 953 1640 977 seu
1677 942 1817 976 heredes
1851 943 1991 988 singulis
2026 945 2121 977 annis
2155 945 2188 977 in

338 1002 422 1037 sesto
463 1002 594 1037 Martini
634 1014 735 1037 vnam
775 1002 924 1036 Marcam
963 1002 1126 1037 Morauici
1173 1005 1363 1048 pagamenti
1410 1002 1557 1048 predtcto
1599 1006 1775 1037 conuentui
1817 1002 2012 1037 Gradicensi
2053 1006 2189 1038 nomine

339 1074 457 1097 census
486 1063 618 1097 solvere
646 1063 853 1097 tenebuntur.
891 1062 962 1104 Qua
1006 1063 1111 1097 soluta
1140 1063 1225 1097 idem
1268 1063 1432 1098 Henricus
1461 1066 1577 1109 suique
1619 1075 1833 1098 successores
1874 1075 1932 1098 seu
1974 1064 2116 1099 heredes
2146 1063 2187 1099 ab

339 1127 426 1158 omni
456 1126 664 1170 impeticione
706 1124 935 1158 Collectarum.
967 1124 1221 1170 Obsequiorum,
1251 1129 1473 1160 vecturarum.
1503 1129 1754 1170 ceterorumque
1782 1124 1984 1159 Judiciorum
2013 1137 2073 1159 seu
2101 1136 2190 1159 con-

339 1184 555 1219 triliucionum
583 1185 801 1230 quarumlibet
833 1185 1058 1220 censebuntur
1091 1185 1184 1219 liberi
1219 1188 1348 1231 penitus
1384 1189 1416 1219 et
1450 1185 1557 1229 soluti.
1594 1185 1728 1219 Plenam
1763 1185 1993 1220 nichilominus
2027 1185 2189 1220 hahentes

336 1250 542 1291 potestatem,
573 1246 612 1280 de
642 1246 732 1280 Silua
761 1251 885 1289 nostra.
916 1257 979 1291 que
1008 1246 1085 1280 ville
1113 1251 1225 1280 nostre
1253 1246 1399 1293 predicte
1428 1246 1604 1281 Tliowiers
1634 1247 1773 1282 adiacet.
1801 1251 2098 1292 quantumcumque
2127 1258 2187 1281 sue

338 1306 435 1340 Curie
476 1307 621 1353 predicte
656 1310 881 1341 necessarium
923 1306 1031 1350 suerit.
1060 1312 1095 1341 vt
1122 1312 1264 1341 vtantur.
1308 1307 1532 1341 Promiserunt
1572 1311 1678 1342 eciam
1720 1318 1832 1341 coram
1874 1307 1970 1341 nobis
2011 1307 2126 1342 Petrus
2155 1312 2188 1342 et

337 1366 456 1401 Paulus
498 1372 528 1401 et
571 1368 710 1401 Georius
752 1368 929 1413 supradicti
971 1368 1102 1402 Curiam
1145 1367 1305 1414 prefatam
1346 1380 1419 1402 cum
1460 1368 1611 1402 omnihus
1652 1371 1718 1403 suis
1760 1370 1985 1414 pertinencijs.
2029 1367 2069 1402 ab
2098 1371 2187 1402 omni

338 1430 535 1473 inpeticione
565 1432 693 1474 penitus
722 1428 887 1462 libet-tare.
917 1428 953 1462 In
983 1431 1076 1463 cuius
1105 1431 1152 1462 rei
1182 1432 1400 1463 testimonium
1430 1434 1601 1475 presentes
1630 1429 1811 1474 sigillorum
1840 1428 1996 1463 videlicet
2024 1431 2126 1463 nostri
2155 1433 2189 1463 et

336 1493 519 1523 conuentus
549 1492 649 1523 nostri
679 1501 717 1523 ac
747 1489 896 1524 Ciuitatis
926 1490 1161 1524 olomucensis
1190 1495 1264 1524 sunt
1291 1493 1504 1536 appensionis
1534 1493 1712 1524 munimine
1740 1489 1906 1524 roborate.
1945 1489 2064 1524 Testes
2091 1489 2186 1524 11111115

337 1554 410 1583 sunt
451 1549 655 1583 Tlieodricus
697 1550 816 1584 Srollo.
860 1550 1030 1584 llenricus
1073 1551 1232 1597 Sci-iptor.
1281 1551 1460 1585 l'eczoldus
1505 1550 1607 1584 Jurati
1651 1550 1798 1584 Ciuitatis
1845 1550 2002 1597 predicte.
2044 1549 2184 1585 Necnon

335 1610 499 1653 Alienus„
530 1610 717 1653 Lendlinus.
747 1616 778 1645 et
808 1611 979 1645 Cristanus
1009 1611 1107 1645 Ciues
1137 1611 1267 1647 ibidem.
1311 1616 1343 1645 ct
1378 1611 1518 1646 Georius
1550 1611 1713 1657 quondam
1756 1612 1969 1657 prouincialis
2010 1616 2042 1645 et
2083 1614 2186 1646 ceteri

337 1682 431 1716 quam
462 1672 586 1717 plurimi
616 1671 783 1716 lidedigni.
813 1672 933 1706 Actum
965 1677 997 1705 et
1026 1672 1133 1706 (latum
1163 1684 1250 1706 1111110
1279 1673 1399 1707 domini
1428 1672 1602 1707 Millcsimo
1640 1672 1890 1707 Trecentesimo
1925 1672 2065 1706 Decimo
2094 1672 2188 1719 Sep-

337 1735 424 1765 timo.
455 1732 489 1766 lu
520 1732 632 1777 vig-ilia
662 1732 838 1766 Beatorum
868 1733 1104 1778 Apostolorum
1134 1734 1291 1779 Symonis
1320 1738 1351 1767 01
1379 1733 1473 1768 Jude.

645 1811 730 1845 (orig.
757 1812 900 1838 membran.
925 1821 982 1838 cum
1008 1812 1092 1839 tribus
1115 1812 1213 1845 sigillis
1244 1821 1276 1839 cx
1301 1816 1376 1847 parte
1402 1813 1472 1840 110515
1503 1812 1528 1839 111
1553 1812 1662 1839 archivo
1686 1812 1834 1839 Cartliusiae
1859 1812 1980 1839 Olomuc.
2006 1812 2074 1847 apud
2098 1812 2127 1839 C.
2154 1812 2184 1839 R.

747 1850 862 1891 Gutiern.
888 1864 980 1890 Brund·
1005 1865 1053 1891 sub
1079 1865 1116 1891 lit.
1142 1865 1172 1891 E.
1198 1874 1223 1892 11.
1252 1865 1292 1895 l.)

1184 1959 1335 1993 cxxlv.

340 2020 469 2065 Soblw.
494 2025 699 2066 paepositus
742 2024 983 2058 Zderasz'ensis
1026 2037 1099 2058 cum
1127 2029 1292 2059 conveula
1332 2037 1394 2059 suo
1418 2026 1613 2070 profitetur.
1657 2025 1745 2071 quod
1785 2025 1920 2059 domina
1961 2023 2106 2057 Marslca
2140 2023 2186 2058 ad

337 2082 518 2116 ecclesiam
547 2083 584 2116 S.
616 2084 758 2118 Nic-olai
790 2087 822 2119 ιή
850 2085 1003 2119 111οε-ει”·ῐ(’·
1037 2086 1174 2120 donarit
1208 2086 1267 2119 III
1299 2086 1417 2120 laneos
1453 2090 1486 2119 el
1514 2087 1682 2120 ‹Ie'rm'dium
1717 2085 1906 2120 molendini.
1945 2084 2004 2118 Dt.
2034 2085 2090 2119 die
2117 2084 2183 2119 XI.

1000 2147 1176 2181 Kalendas
1204 2147 1376 2181 Jaunarii.
1410 2146 1519 2181 1317.

508 2210 553 2265 ln
583 2234 715 2265 nomine.
743 2238 856 2267 sancte
886 2234 1054 2268 Trinitatis
1084 2234 1230 2268 ciusdem
1260 2234 1430 2268 Indiuidue
1466 2234 1606 2269 [nitatis
1642 2244 1748 2267 amen.
1785 2232 1835 2267 Ne
1870 2243 1979 2266 rerum
2014 2237 2184 2278 gestarum

335 2294 491 2325 memoria
535 2303 594 2337 per
623 2291 796 2326 decursum
839 2297 995 2339 temporis
1037 2295 1212 2340 deperiret.
1255 2298 1439 2341 sapientum
1482 2295 1660 2329 introduxit
1700 2296 1889 2329 auctoritas.
1920 2298 1952 2327 et
1979 2293 2185 2330 consuetudo
2236 2293 2238 2295 ’

334 2352 504 2386 laudabilis
534 2352 739 2398 approliauit.
770 2358 800 2386 ut
830 2366 883 2389 ca.
913 2366 975 2399 que
1004 2360 1165 2393 «seruntur
1193 2358 1223 2389 in
1253 2360 1411 2402 tempore.
1442 2356 1482 2389 ad
1510 2360 1623 2390 eterne
1651 2357 1698 2388 rei
1728 2357 1919 2387 memoriam
1949 2357 2183 2400 scripturarum

334 2415 518 2446 testimonio
555 2413 808 2459 pei-hennentur.
846 2413 914 2448 Nos
952 2418 1049 2453 ieiun-
1085 2416 1201 2451 Soblso
1239 2416 1357 2450 Diuina
1395 2418 1614 2450 miseracione
1651 2415 1848 2460 l‘repositus.
1888 2415 2042 2449 Clemens
2077 2414 2182 2458 Prior,

334 2484 393 2506 nec
423 2485 486 2507 non
518 2479 602 2508 totus
632 2475 821 2508 Conuentus
850 2474 975 2508 Domus
1007 2476 1257 2517 zderasiensesss„
1294 2489 1332 2511 110
1362 2476 1574 2511 l'rze’bislaus
1609 2480 1641 2509 et
1671 2475 1788 2509 fratres
1824 2475 1942 2510 ibidem
1979 2475 2112 2510 Ordinis
2144 2475 2180 2510 S.

332 2533 519 2578 Auyusllni
545 2538 748 2569 sacrosancti
779 2535 941 2569 Dominici
972 2536 1120 2582 Scpulcri
1150 2537 1434 2580 Jerosole‘mitaui.
1464 2539 1549 2570 scire
1586 2536 1724 2570 facimus
1761 2539 1924 2571 uniuersis
1959 2539 2121 2582 presentis
2149 2540 2181 2569 et

333 2593 438 2627 future
468 2598 562 2630 0111115
606 2599 811 2642 presencium
855 2598 1007 2630 noticiam
1056 2596 1224 2632 habituris.
1267 2598 1353 2643 quod
1396 2598 1535 2631 Domina
1579 2597 1721 2631 Marslsa
1763 2600 1900 2643 cupiens
1936 2600 1967 2631 in
2000 2596 2181 2631 remedium
