2357 3021
1066 169 1109 204 71

150 291 337 331 incitentnn
370 287 565 322 Ciuibus‘et
596 285 871 321 inhabitatoribus
901 285 1051 320 Ciuitatis
1081 287 1196 331 ipsius.
1227 296 1344 319 omnes
1374 284 1588 320 hereditates.
1619 297 1702 331 quas
1731 289 1827 319 extra
1857 284 2032 318 Ciuitatem

147 350 393 392 Brunnensenn
437 352 508 383 siue
545 351 611 383 sint
639 351 671 382 in
713 347 810 382 honis
851 347 1020 382 Nobilium
1048 346 1104 381 vel
1132 346 1397 391 Religiosorum.
1428 346 1469 380 ad
1498 358 1637 392 presens
1680 347 1804 381 habere
1833 350 2028 380 noscuntur.

148 422 298 457 quasque
326 411 470 457 proprijs
499 410 659 444 excolunt.
687 412 841 453 araturis.
872 409 912 443 de
938 408 1055 455 quibus
1079 419 1139 442 eos
1168 419 1243 442 cum
1265 407 1406 442 Ciuitate
1427 408 1629 442 Brunnensi.
1654 411 1791 454 quocies
1819 410 1868 442 eis
1892 407 2032 442 Steuras

148 472 244 507 nobis
274 472 401 506 dandas
430 474 641 518 imponimus.
672 470 826 514 Steuras
857 482 916 505 seu
947 470 1105 505 collectas
1134 469 1322 504 huiusmodi
1350 469 1449 504 nobis
1479 469 1612 504 soluunt
1640 481 1657 503 a
1688 470 1806 515 Regie.
1837 481 1897 503 seu
1919 480 2033 513 gene—

146 534 226 569 ralis
255 533 416 571 Collecte,
461 545 524 579 que
552 533 665 567 Berna
707 533 810 577 uulgo
853 532 982 567 dicitur.
1025 543 1125 577 quam
1168 531 1208 566 de
1238 531 1341 566 Bonis
1383 536 1415 565 et
1444 531 1682 566 hereditatibus
1724 531 1910 565 huiusmodi
1953 530 2033 564 dare

146 600 351 639 tenerentur,
382 595 523 629 dacione
559 598 722 641 perpetuo
757 594 962 637 libertaiims,
998 598 1029 628 et
1065 605 1142 628 esse
1177 592 1333 627 volumus
1370 592 1587 640 perhenniter
1621 592 1744 627 liberos
1781 598 1811 627 et
1841 597 2029 639 exemptos.

146 657 184 692 In
213 660 307 691 cuius
336 660 385 691 rei
414 659 639 691 testimonium
668 660 843 702 presentes
872 655 984 690 literas
1014 655 1086 690 fieri
1115 659 1147 689 et
1176 655 1297 700 sigillo
1326 654 1514 690 Maiestatis
1542 659 1657 689 nostre
1686 657 1840 688 iussimus
1876 665 2033 689 commu—

147 721 222 753 niri.
252 719 374 753 Datum
402 718 513 764 Prage
541 717 571 752 II
600 717 770 752 Kalendas
798 717 938 764 Aprilis,
968 718 1071 752 Anno
1101 717 1225 751 domini
1260 716 1438 751 Millesimo
1474 716 1740 751 Trecentesimo.
1778 715 2030 753 Sextodecinio,

147 781 346 826 Regnorum
373 791 458 814 vero
487 784 678 814 nostrorum
707 790 796 814 anno
827 779 946 814 Sexto.

464 860 518 895 (Ex
549 859 677 894 originali
709 860 855 886 membran.
892 860 967 894 cujus
1004 859 1122 893 sieillum
1160 859 1301 886 bilaterale
1337 862 1442 894 ruptum
1468 862 1521 889 est„
1557 858 1582 885 in
1615 858 1725 885 archivo
1758 857 1879 893 ejusdem
1905 857 2030 884 cixitatis.

567 913 596 940 C.
622 913 652 939 ll.
679 921 713 939 m.
745 912 785 945 1.)

1068 1017 1107 1052 Cl

147 1093 321 1128 Henrz‘cus
349 1093 390 1128 de
426 1093 514 1138 Lipa
548 1105 695 1127 unacum
723 1093 808 1138 filiis
842 1093 997 1127 Hem-ico
1033 1097 1067 1127 et
1106 1085 1267 1128 Cenlcone
1303 1095 1522 1138 promittente
1561 1093 1651 1139 qnod
1684 1094 1800 1138 sopita
1835 1093 2032 1127 iniinicilin.

147 1167 223 1202 qnoe
250 1157 342 1190 inter
370 1167 430 1190 eos
459 1159 493 1189 el
522 1155 662 1189 Pell-um
693 1155 734 1189 (Ie
765 1154 983 1200 Roseubery.
1014 1167 1162 1201 suosque
1191 1157 1321 1189 attzieos
1352 1155 1453 1200 [enyo
1484 1159 1637 1200 tempore
1672 1154 1886 1199 rertebatnn
1924 1155 2030 1199 ipsum

149 1217 291 1252 Petrum
319 1229 482 1263 suamque
508 1221 645 1262 purtem
675 1220 798 1251 contra
829 1216 1013 1263 quemlibet
1041 1217 1205 1251 leomffnem
1227 1221 1357 1261 jurare
1386 1217 1514 1251 rolant.
1546 1217 1606 1251 Dt.
1632 1217 1758 1261 Pragyae
1780 1217 1834 1250 die
1857 1216 1896 1250 S.
1920 1216 2035 1250 Marci

936 1278 1108 1324 Emmgyel.
1140 1279 1252 1314 1316,

324 1365 416 1419 Ros
446 1385 624 1419 Heinricns
668 1385 707 1419 de
744 1385 837 1432 Lipa.
881 1385 1147 1420 Notunisacimns
1189 1388 1358 1421 vniuersis
1401 1391 1467 1420 tam
1508 1385 1720 1432 presentibus
1763 1396 1861 1431 quam
1904 1384 2032 1418 futuris-

150 1445 414 1492 quibuscumque
457 1451 628 1481 ostensum
673 1446 771 1481 suerit
814 1459 956 1494 presens
999 1450 1168 1494 scriptmn.
1213 1447 1310 1489 Quod
1352 1451 1459 1483 onmis
1502 1448 1695 1484 inimicicia„
1732 1446 1879 1482 Rancor.
1911 1447 2033 1483 cordis.

151 1508 274 1551 odium7
305 1513 337 1542 et
365 1509 508 1543 locucio.
538 1521 602 1555 que
633 1506 727 1543 inter*
746 1520 808 1544 nos
838 1514 869 1543 et
899 1521 1006 1555 vsque
1036 1512 1068 1544 in
1099 1509 1295 1544 hodiernum
1325 1510 1412 1544 diem
1441 1521 1486 1544 ex
1515 1514 1609 1556 parte
1637 1521 1717 1544 vna.
1747 1514 1779 1543 et
1807 1508 1944 1543 Nobiles
1974 1521 2032 1543 scu

151 1569 301 1605 famosos
330 1573 423 1605 viros
453 1570 622 1604 dominum
652 1571 785 1605 Petrum
814 1571 854 1605 de
884 1571 1105 1606 Rosenberch
1134 1576 1167 1605 et
1195 1574 1322 1606 amicos
1356 1583 1435 1606 suos
1474 1583 1519 1606 ex
1554 1576 1648 1618 parte
1685 1572 1787 1605 altera
1823 1576 1872 1605 est
1909 1571 2031 1607 habita.

150 1643 238 1666 nunc
269 1643 312 1666 cx
343 1631 507 1665 amicabili
538 1635 801 1678 conmosicione.
832 1637 863 1666 et
892 1638 1052 1679 perpetua
1082 1636 1208 1667 mione
1237 1644 1335 1678 quam
1364 1633 1500 1667 fauente
1529 1633 1663 1667 domino
1693 1635 1812 1666 mutuis
1848 1632 2031 1669 aii'ecnhus.

150 1696 271 1728 inimus
300 1693 512 1740 presentibus
542 1698 573 1727 et
603 1694 861 1729 consederamus
890 1698 1042 1729 consistit
1070 1695 1242 1731 suffocata.
1265 1706 1403 1741 prorsus
1433 1700 1560 1729 mortua
1583 1699 1615 1728 et
1637 1694 1776 1741 sepulta.
1802 1694 2033 1729 Promittcntes

150 1754 211 1789 sul)
240 1759 355 1790 nostre
384 1755 457 1797 lidej
489 1759 642 1801 puritate.
674 1767 819 1789 vnacuin
848 1756 968 1790 lllustri
998 1756 1151 1803 Principe
1180 1757 1317 1791 domino
1347 1757 1506 1790 Boleslao
1542 1756 1637 1790 Duce
1674 1756 1796 1790 Silezie
1832 1756 1965 1790 domino
2002 1759 2033 1790 in

152 1816 312 1862 Legnicz‚
343 1820 527 1862 amicisque
563 1820 685 1850 nostris
728 1817 883 1851 (loannis.
925 1817 1086 1852 wilelmo
1129 1818 1170 1852 de
1199 1818 1368 1852 Lantstein
1411 1818 1561 1852 Pothone
1604 1817 1644 1852 de
1674 1817 1833 1854 Fridlant.
1877 1817 2034 1852 IIinlzone

150 1877 262 1913 Berka
292 1878 428 1913 domino
459 1879 628 1913 (ilai-ensi.
662 1878 817 1913 llinhone
847 1879 887 1913 de
916 1879 1032 1914 lluska
1061 1879 1230 1921 fratribus,
1261 1882 1452 1925 nostrisque
1488 1879 1561 1913 liliis
1596 1879 1756 1914 Heinrico
1791 1884 1825 1914 et
1853 1879 2034 1914 Czenlmne

152 1939 193 1975 de
222 1939 316 1987 Lipa.
347 1944 402 1986 qui
425 1941 596 1987 spondent
628 1941 814 1975 nobiscnm.
845 1945 875 1975 et
906 1952 965 1987 pro
995 1941 1103 1976 nobi&
1134 1941 1222 1975 dicto
1253 1941 1387 1975 domino
1424 1941 1522 1975 Petro
1558 1941 1598 1975 de
1634 1941 1855 1976 Rosenberch
1892 1954 1930 1976 ac
1966 1945 2034 1976 suis

152 2005 269 2039 amicis
297 2007 492 2049 perpetuam
529 2005 715 2036 amiciciam
744 2002 937 2049 adimplere.
969 2005 1144 2049 ipsumque
1178 2006 1293 2037 iuuare
1329 2002 1440 2049 quoad
1472 2006 1667 2047 uixcrimus,
1704 2008 1820 2038 contra
1857 2005 2034 2050 quemlibet

153 2063 321 2099 hominem
351 2067 589 2110 cuiuscumque
619 2065 828 2099 condicionis
858 2064 956 2099 suerit
984 2067 1039 2110 qui
1067 2076 1142 2098 eum
1177 2069 1209 2098 et
1245 2067 1370 2099 amicos
1406 2076 1486 2099 snos
1522 2070 1637 2099 contra
1671 2065 1768 2099 deum
1811 2070 1843 2100 et
1872 2069 2033 2100 iusticiam

152 2128 314 2160 niteretur
342 2125 516 2161 destruere
547 2126 599 2160 nel
630 2127 820 2166 molestare„
851 2126 1023 2160 dumtaxat
1050 2130 1195 2172 excepto
1225 2126 1359 2161 domino
1388 2131 1502 2161 nostro
1532 2127 1629 2173 Rege
1659 2130 1711 2161 cui
1735 2127 1916 2162 astabimus
1938 2133 2035 2174 prout

155 2186 345 2233 homagium
375 2188 452 2222 lidei
482 2193 595 2223 nostre
625 2188 779 2234 postulat,
809 2193 842 2222 et
870 2191 1017 2234 requirit.
1049 2188 1107 2222 Sin
1139 2193 1249 2222 autem
1271 2188 1376 2223 (lictus
1400 2188 1553 2223 dominus
1584 2193 1697 2224 noster
1719 2189 1806 2225 Rex.
1832 2192 2034 2223 nominatum

154 2248 322 2283 dominum
352 2249 483 2284 Petrum
513 2250 567 2284 vel
597 2253 724 2284 amicos
753 2261 832 2284 suos
862 2255 1042 2284 conaretur
1072 2250 1256 2287 destrucre,
1286 2255 1341 2284 aut
1370 2250 1576 2285 adnichilare
1605 2255 1720 2285 contra
1750 2251 1845 2285 deum
1876 2255 1907 2284 et
1936 2254 2035 2285 insti-

154 2313 253 2353 ciam,
283 2322 327 2345 ex
357 2315 432 2345 tnnc
462 2323 525 2345 nos
554 2315 773 2358 promittimus
803 2315 875 2346 sine
904 2315 993 2346 omni
1024 2311 1152 2346 frande.
1183 2311 1346 2358 prelatum
1376 2312 1546 2346 (lominum
1574 2312 1705 2347 Petrum
1740 2317 1770 2346 et
1801 2315 1926 2346 amicos
1956 2324 2034 2346 snos

156 2375 272 2405 iuuare
302 2372 401 2406 rebus
431 2376 555 2419 pariter
583 2378 613 2407 et
644 2376 812 2419 personis.
843 2378 873 2407 et
904 2376 996 2419 ipsos
1028 2385 1092 2407 non
1124 2373 1283 2407 deserere
1313 2377 1343 2407 in
1374 2376 1463 2407 omni
1495 2377 1622 2408 iusticia
1646 2379 1676 2408 et
1695 2377 1846 2408 veritate.
1878 2374 2033 2407 Preterea

155 2437 182 2468 si
215 2434 382 2468 arridente
411 2434 508 2469 nobis
538 2434 681 2469 fortuna.
712 2448 774 2469 no>=
811 2435 915 2469 dictus
951 2435 1104 2469 dominns
1141 2440 1256 2469 noster
1294 2434 1369 2469 Rex
1405 2435 1523 2469 fauore
1558 2440 1819 2482 prosequeretur
1854 2440 1884 2469 et
1920 2439 2034 2477 gracia

157 2496 307 2541 speciali.
338 2507 381 2529 ex
412 2501 487 2530 tunc
518 2508 578 2531 nos
608 2497 815 2543 pollii-enum
847 2496 964 2543 prefati
1001 2497 1123 2531 domini
1154 2497 1239 2531 l'etri
1270 2501 1298 2530 et
1337 2500 1518 2532 ainicormn
1555 2508 1691 2532 suornm
1728 2497 1848 2530 bonnm
1886 2502 1917 2530 et
1953 2509 2038 2543 pro-

157 2557 292 2599 fectunn
323 2559 354 2591 in
384 2569 468 2591 vera
499 2558 562 2593 lide
592 2559 676 2605 apud
708 2562 814 2605 ipsum
844 2558 1011 2592 dominnm
1042 2558 1172 2599 Regem
1203 2570 1384 2605 procurare
1421 2559 1560 2593 lideliter
1593 2564 1758 2605 tamqnam
1793 2564 1953 2593 nostruin.
1997 2559 2037 2593 ad

157 2618 219 2653 hec
249 2621 274 2653 si
306 2619 424 2664 aliquis
454 2622 637 2654 amicorum
680 2625 867 2655 nostrornm
912 2632 995 2663 erga
1025 2620 1145 2654 dictum
1189 2620 1356 2655 dominum
1386 2621 1529 2655 l'ctrnm.
1574 2626 1606 2655 et
1635 2624 1760 2655 amicos
1803 2632 1882 2655 snos
1912 2620 2038 2655 l'aeerct

156 2681 404 2727 quoquomodo.
429 2686 505 2715 tnnc
535 2683 701 2728 predictus
731 2683 882 2717 dominus
913 2682 1028 2716 Petrus
1058 2682 1111 2716 vel
1142 2685 1239 2717 amici
1269 2686 1318 2717 sui
1350 2683 1446 2717 nobis
1477 2683 1505 2717 id
1536 2694 1724 2729 proponere
1753 2682 1886 2720 (leheim
1917 2688 1947 2717 et
1977 2694 2038 2717 nos
