2341 3005
1076 158 1149 193 117

167 273 303 309 Brunna
346 273 580 309 Olomucensis
608 273 704 309 Dioc.
735 276 932 308 successive
974 273 1062 308 suisti
1092 274 1174 309 alias
1217 279 1328 308 tamen
1371 277 1535 309 canonice
1578 281 1765 321 assecutus,
1810 277 1882 312 illos
1924 288 2058 324 quoque

167 336 357 382 aliquandiu
387 336 520 371 insimul
549 339 682 370 tenuisti
711 335 839 369 fructus
869 335 1015 370 redditus
1044 340 1075 370 et
1104 340 1290 383 proventus
1318 337 1537 383 percipiendo
1567 349 1612 372 ex
1641 339 1768 373 eisdem
1805 339 2058 386 dispensatione

169 398 234 433 alia
263 409 364 445 super
392 397 454 432 hiis
484 409 502 432 a
532 397 622 432 Sede
652 397 835 444 apostolica
866 409 932 432 non
963 397 1110 432 obtenta.
1142 398 1256 440 Quare
1278 397 1375 432 nobis
1399 397 1565 433 humiliter
1589 400 1794 446 supplicasti.
1818 405 1853 435 ut
1874 401 2056 448 providere

171 459 227 494 tibi
256 471 359 507 super
388 463 559 507 premissis
588 459 629 494 de
658 463 845 506 opportune
875 459 1134 506 dispensationis
1168 459 1335 494 beneficio
1378 464 1519 506 paterna
1562 461 1783 496 sollicitudine
1826 463 2055 508 dignaremur.

170 521 253 556 Ciuu
281 524 382 568 igitur
410 525 494 556 sicut
523 521 767 567 fidedignorum
796 520 954 555 laudabili
983 524 1179 556 assercione
1207 525 1431 568 percepimus.
1462 527 1622 568 quantum
1658 526 1735 558 sinit
1770 524 1914 559 humana
1944 524 2058 570 fragi-

165 583 253 628 litas,
282 583 453 631 precidisti
482 586 575 627 vitia,
604 582 788 617 honestatis
818 583 949 617 induisti
980 583 1137 618 decorem
1166 588 1198 618 et
1227 586 1525 619 conversationem
1555 584 1740 620 honestatis
1769 586 1917 621 moribus
1947 586 2058 622 deco-

166 648 259 681 rasti.
288 645 467 680 virtutibus
495 645 676 689 redimens.
707 644 794 691 quod
824 649 915 679 ortus
945 645 1080 680 odiosus
1117 645 1250 680 ademit.
1290 644 1361 680 Nos
1398 645 1515 680 borum
1559 651 1590 680 et
1621 650 1768 681 maxime
1799 647 2057 683 Carissiinorum

165 710 198 742 in
229 696 369 742 Christo
403 707 545 742 filiorum
586 711 778 741 nostrorum
819 706 984 741 Johannis
1025 708 1132 753 Regis
1174 712 1205 742 et
1234 707 1429 742 Helisabeth
1472 711 1544 742 eins
1578 711 1696 743 uxoris
1741 709 1875 754 Regiae
1917 710 2057 745 Boemie

164 769 341 804 illustrium
382 780 442 816 pro
485 773 517 803 te
545 772 689 815 gratiam
731 774 879 803 nostram
923 769 1089 804 humiliter
1131 770 1377 817 implorantium
1420 770 1693 805 consideratione
1735 771 1872 814 inducti.
1902 772 2058 807 volentes

165 842 347 878 personam
375 835 465 865 tuam
493 835 574 865 tanti
604 834 741 877 generis
770 831 941 866 nobilitate
983 831 1163 878 pollentem
1206 834 1364 878 prosequi
1406 831 1526 866 favore
1569 836 1678 878 gratie
1721 833 1889 880 specialis.
1921 844 2055 869 omnem

166 892 382 927 inhabilitatis
411 893 577 943 maculam
606 896 680 928 sive
708 898 821 928 notam
851 906 895 928 ex
924 897 1119 928 1010001000.
1150 893 1388 928 Canonicatus.
1418 894 1666 941 prebendarum
1698 899 1729 929 et
1753 895 1889 942 Capelle
1918 896 2059 942 predic-

165 959 285 999 torum,
315 966 355 989 ac
383 958 603 1002 perceptione
644 955 809 990 fructuum
853 955 1049 990 eorundem.
1079 967 1163 1001 quos
1205 955 1263 990 11111
1290 958 1488 991 remittimus
1531 961 1562 990 et
1593 956 1770 991 donamus.
1815 957 1988 992 abolemus
2018 958 2059 993 de

111 1002 114 1008 Ι
165 1017 303 1064 speciali
333 1020 443 1063 gratia
472 1022 505 1052 et
533 1017 574 1052 de
604 1018 789 1064 apostolice
817 1018 1023 1064 plenitudine
1052 1021 1236 1064 potestatis.
1269 1017 1396 1052 Tecum
1433 1017 1669 1053 nichilominus
1706 1024 1739 1053 111
1769 1019 1997 1054 Canonicatus
2027 1025 2060 1054 et

164 1078 356 1126 prebendas
385 1078 553 1126 predictos
583 1083 693 1126 possis
723 1080 853 1114 insimul
882 1080 970 1114 licite
999 1083 1158 1115 retinere.
1189 1092 1251 1114 nec
1288 1092 1355 1114 non
1393 1085 1506 1127 preter
1541 1084 1761 1115 canonicatus
1799 1086 1830 1116 et
1866 1081 2056 1128 prebendas

165 1140 317 1185 eosdem,
348 1141 545 1187 dignitatem
573 1142 630 1176 vel
658 1146 875 1189 personatum
905 1154 964 1176 seu
994 1141 1140 1176 officium
1170 1154 1245 1176 011111
1268 1154 1348 1176 011111
1371 1142 1425 1176 vel
1448 1145 1521 1177 sine
1542 1155 1621 1177 cura
1648 1146 1675 1177 si
1699 1143 1754 1177 tibi
1778 1144 1861 1178 alias
1891 1147 2057 1179 canonice

165 1202 324 1238 offeratur
350 1204 406 1238 vel
435 1207 546 1238 eciam
576 1203 781 1238 conferatur.
812 1203 916 1238 libere
940 1207 1092 1250 recipere
1116 1209 1147 1238 et
1169 1216 1234 1238 111111
1264 1216 1340 1238 011111
1366 1204 1493 1238 eisdem
1524 1206 1786 1240 Canonicatibus
1816 1211 1847 1241 et
1877 1206 2058 1253 prebendis

164 1254 261 1300 licite·
282 1268 443 1310 retinere7
473 1266 624 1313 predicto
655 1265 787 1301 defectu
831 1278 870 1300 ac
899 1267 1070 1312 generalis
1113 1266 1246 1300 concilii
1276 1271 1307 1300 et
1337 1266 1482 1312 qualibet
1527 1267 1588 1300 111111
1619 1271 1860 1302 constitutione
1890 1271 2059 1303 contraria

164 1339 380 1374 nequaquam
415 1327 625 1363 obstantibus
669 1331 866 1362 auctoritate
909 1329 1092 1375 apostolica
1136 1329 1176 1362 de
1204 1328 1371 1362 uberioris
1414 1328 1502 1362 dono
1532 1332 1641 1374 gratie
1684 1330 1929 1376 dispensamus.
1961 1335 2060 1377 teque

166 1388 356 1425 abilitamus
398 1394 498 1425 etiam
542 1390 583 1425 ad
624 1394 803 1438 premissa.
847 1394 985 1437 proviso
1028 1391 1116 1436 quod
1160 1390 1386 1425 Canonicatns
1429 1395 1460 1425 et
1490 1391 1666 1426 Prebende
1709 1393 1849 1439 predicti
1892 1406 1930 1427 ac
1961 1392 2057 1427 liuius

166 1453 312 1498 dignitas
340 1452 397 1487 vel
425 1457 628 1499 personatus
657 1465 716 1488 seu
738 1453 894 1487 -osficium
925 1465 1000 1487 cum
1029 1453 1118 1487 illum
1146 1453 1202 1487 vel
1232 1453 1320 1486 illam
1350 1465 1409 1487 seu
1441 1453 1517 1487 illud
1548 1453 1706 1488 habueris
1737 1454 1855 1489 debitis
1885 1455 2056 1501 obsequiis

164 1525 232 1549 non
261 1513 470 1552 fraudentur.
500 1519 532 1549 et
562 1518 747 1549 animarum
778 1527 858 1550 cura
902 1519 934 1549 in
964 1518 1013 1550 eis
1055 1514 1174 1561 quibus
1217 1515 1269 1549 illa
1300 1518 1449 1549 imminet
1493 1516 1682 1550 nullatenus
1725 1517 1927 1562 neafligatnr.
1972 1516 2058 1551 >Iulii

164 1587 249 1622 ergo
278 1580 342 1610 010.
374 1580 489 1611 nostre
517 1579 738 1621 remissionis,
769 1577 972 1617 donationis.
1003 1576 1205 1614 abolitionis.
1237 1576 1498 1624 dispensationis
1529 1582 1558 1611 et
1589 1577 1826 1612 habilitationis
1856 1579 2054 1624 infringere.

162 1638 288 1673 Datum
316 1638 491 1672 Avinione
520 1637 600 1672 VIII
630 1638 800 1674 Kalendas
828 1639 1016 1674 Februarii.

481 1706 535 1737 (Ex
562 1706 734 1741 autographo
762 1706 884 1741 Regesto
913 1705 1057 1739 Johannis,
1088 1715 1164 1741 papae
1190 1706 1271 1733 xxli.
1304 1706 1365 1733 anni
1392 1706 1435 1733 111.
1463 1715 1525 1741 pag.
1557 1706 1624 1734 Ilii.
1650 1707 1730 1742 epist.
1760 1707 1830 1735 513.
1857 1708 1882 1735 in
1908 1708 2058 1735 Tabulariis

586 1759 726 1786 Vaticanis
751 1759 869 1795 copiavit
895 1760 938 1787 Dr.
965 1760 992 1787 B.
1018 1759 1117 1786 Dudik.

1029 1837 1192 1872 CXLVII.

337 1889 547 1953 Johannes,
577 1908 749 1944 Boheniiae
779 1914 811 1943 et
840 1908 986 1943 Poloniae
1015 1921 1089 1945 rex.
1120 1908 1279 1943 fratribus
1308 1907 1482 1955 hospitalis
1512 1909 1548 1944 S.
1578 1909 1745 1945 ,Iohannis
1769 1911 2057 1946 Hierosolimitani

161 1984 222 2019 per
250 1974 448 2007 universum
489 1983 635 2017 regnum
670 1971 842 2006 Bolieniiae
886 1971 1052 2006 concedit.
1081 1975 1117 2006 ut
1158 1982 1270 2006 causae
1300 1976 1417 2006 00111111
1460 1984 1520 2007 005
1562 1984 1621 2006 seu
1664 1972 1818 2008 homines
1860 1974 2056 2008 eorumdem

161 2038 273 2078 motae,
303 2046 421 2069 coram
451 2033 734 2069 Connnendatore
763 2045 823 2068 seu
853 2033 1077 2068 Procuratore
1113 2033 1231 2068 discuti
1267 2033 1423 2078 debeant.
1460 2046 1638 2081 poenaque
1673 2039 1868 2081 pecuniaria
1899 2048 1959 2082 pro
1989 2036 2056 2070 de—

160 2095 246 2131 lictis
274 2095 399 2131 inflicta
427 2099 509 2144 ipsis
539 2096 698 2131 fratribus
727 2100 911 2131 remaneat.
942 2095 996 2130 Dt.
1028 2095 1146 2141 Pragae
1176 2095 1266 2130 VIII.
1298 2096 1439 2131 Kalend.
1470 2096 1646 2132 Februarii
1681 2098 1790 2132 1:319.

471 2177 676 2211 (Schwandner
706 2177 731 2203 in
756 2177 867 2211 Regest.
908 2177 956 2203 ns.
983 2176 1091 2203 Ordinis
1116 2177 1144 2203 S.
1169 2176 1303 2204 Johannis
1337 2177 1513 2206 Hierosolim.
1552 2179 1663 2205 x'iennae
1701 2188 1715 2206 0
1740 2179 1934 2215 Diploniatario
1967 2179 2057 2214 Magni

583 2231 721 2258 Prioratus
748 2229 907 2261 Boliemiae.)

1017 2308 1195 2343 cxm'm.
1231 2354 1235 2356 .

336 2372 549 2431 Johannes.
579 2405 666 2441 papa
696 2393 806 2428 XXII.
838 2397 950 2428 monet
986 2396 1104 2427 iterata
1141 2396 1218 2428 vice
1252 2393 1455 2433 Johannem.
1491 2407 1611 2441 regem
1651 2396 1818 2430 Bobeniia¹
1849 2395 1889 2429 de
1919 2395 2056 2442 persol-

159 2454 273 2490 venda
302 2457 460 2502 pecunia,
489 2466 590 2501 qnam
618 2468 681 2491 rex
709 2456 938 2491 wenceslaus
966 2455 1022 2490 111.
1054 2467 1072 2489 a
1102 2455 1575 2492 51111001100101111115-(10010110
1605 2458 1757 2504 (Abbate
1786 2457 2055 2492 Zabrdovicensi

160 2520 195 2551 et
221 2516 405 2564 Praeposito
435 2517 635 2565 Cunicensi)
663 2530 724 2566 pro
754 2523 841 2553 terra
885 2522 1001 2553 sancta
1044 2520 1166 2573 animo*
1198 2519 1395 2554 restituendi
1436 2525 1647 2567 perceperat.
1691 2519 1745 2554 Dt.
1782 2520 1963 2554 Avenione
1993 2519 2053 2555 XI.

160 2577 304 2614 Kalend.
335 2578 415 2625 Maji
446 2578 559 2614 1319.

478 2647 532 2685 (Ex
558 2649 730 2684 autographo
755 2649 876 2684 Regesto
900 2647 1033 2675 Johannis
1059 2656 1134 2683 pap-21²
1160 2647 1240 2675 XXll.
1269 2648 1330 2675 anni
1355 2649 1399 2677 Ill.
1425 2658 1488 2685 pag.
1517 2648 1586 2678 520.
1613 2649 1693 2685 epist.
1724 2649 1815 2677 1575.
1849 2650 1874 2676 in
1900 2650 2052 2677 'tabulariis

584 2701 723 2729 Vaticanis
748 2702 956 2729 communicavit
983 2702 1026 2729 Dr.
1053 2701 1081 2729 B.
1108 2702 1221 2737 Dndik.)
