2341 3005
1053 111 1124 147 251

149 229 328 271 mittentes,
371 226 458 273 quod
486 226 593 262 nullas
620 225 833 262 Municiones
861 229 965 274 ipsius
994 231 1082 262 terre
1109 232 1223 262 nostre
1250 227 1405 263 Morauie
1434 233 1606 264 extraneis
1634 230 1690 265 vel
1719 229 1858 265 aduenis
1888 231 2031 277 quibus-

148 299 290 334 cumque
331 287 457 323 donare
499 288 653 335 obligare
700 288 757 323 vel
802 291 1010 324 committere
1050 288 1244 324 debeamus.
1295 289 1422 324 Harum
1471 302 1554 336 quas
1599 297 1790 326 nostrorum
1834 292 2029 338 Sigillorum

148 350 368 396 sigillauimus
409 353 601 385 testimonio
643 350 827 385 literarum.
874 349 996 385 Datum
1036 350 1174 386 Brunne
1220 348 1275 386 11⁶⁰
1317 351 1486 386 Kalendas
1524 352 1717 398 Februarii,
1759 354 1863 389 Anno
1906 354 2029 389 domini

146 410 325 447 Millesimo
355 410 617 446 CCCOXXVHO.

463 482 615 521 (Orign'n'ale
639 484 785 512 membran.
811 492 869 511 cum
894 484 987 519 sigillo
1012 484 1107 520 majori
1131 485 1201 512 hene
1225 488 1390 512 conservato
1414 485 1440 512 in
1466 485 1577 513 archixo
1601 487 1656 514 DD.
1682 488 1803 514 Statuum
1829 488 2029 516 marchionatus

566 535 692 564 llloraviae
717 537 767 564 sub
791 537 836 565 Nr.
863 536 880 565 2
907 537 978 564 inter
1000 537 1169 573 Privilegia.)

985 633 1194 669 CCCXXIV.

144 703 336 748 Johannes,
372 715 439 738 rete
472 703 660 738 Bolceim'ae.
705 705 862 739 concedit
902 704 1081 740 Lullzociae
1122 706 1246 751 oppido
1273 708 1361 752 jetra
1395 707 1566 751 ee'cz'tate‘s,
1603 706 1799 753 liberatque
1835 709 1942 753 ipsam
1986 708 2028 743 ob

145 766 407 800 construendum
440 777 569 800 murum
603 766 649 800 ad
682 766 768 801 XII.
803 778 912 802 annos
940 779 963 801 a
989 767 1163 802 soluendis
1192 767 1512 803 contre‘betle‘oue'bus.
1556 768 1616 803 Dt.
1648 769 1776 804 Brmzae
1804 769 1873 804 III.
1904 770 2027 805 Nonas

917 828 1106 863 Februarii
1142 829 1160 864 1
1167 829 1216 864 32
1224 830 1255 864 7.

317 878 411 933 Ros
438 897 612 939 Johannes
641 898 693 933 dei
721 901 838 945 gracia
866 898 1006 934 Boemie
1034 904 1067 935 et
1093 899 1232 935 Polonie
1260 900 1350 944 Rex,
1379 900 1686 947 Lucemburgensis
1720 900 1843 937 Comes
1871 906 1935 937 etc.
1973 902 2028 937 Ad

142 950 379 995 vniuersorum
399 963 550 995 notitiam
579 960 733 996 volumus
749 965 866 996 tenore
884 964 1097 1008 presencium
1125 965 1315 1008 peruenire.
1345 962 1432 1008 quod
1448 974 1510 997 nos
1526 974 1592 997 non
1609 965 1818 1008 ignorantes,
1848 974 1933 1011 opus
1950 976 2028 999 esse

142 1021 309 1056 laudabile
344 1033 385 1056 ac
415 1021 512 1057 nobis
546 1022 586 1057 ad
620 1021 784 1057 honorem
818 1027 851 1057 et
878 1025 937 1057 toti
964 1034 1072 1069 regno
1113 1028 1230 1058 nostro
1259 1023 1398 1058 Boemie
1427 1024 1468 1058 ad
1497 1025 1709 1059 commodum
1738 1025 1862 1062 cedere
1891 1037 1931 1060 ac
1960 1038 2024 1061 or-

142 1088 274 1128 natum,
309 1083 387 1118 dum
421 1086 591 1118 ciuitatum
630 1087 734 1131 ipsius
772 1085 883 1130 Regni
922 1088 1027 1119 nostri
1067 1088 1192 1120 nostris
1231 1085 1438 1132 temporibus
1476 1091 1592 1120 nostra
1641 1091 1844 1134 procurante
1881 1088 2026 1123 solercia

142 1144 330 1192 adaugetur
369 1157 541 1190 numerus‚
583 1145 686 1180 robur
723 1146 926 1193 approbatur
960 1149 992 1181 in
1023 1147 1174 1194 amplius,
1206 1152 1306 1193 atque
1335 1150 1486 1182 ciuitates
1516 1151 1587 1195 ipse
1617 1153 1734 1183 contra
1763 1149 1904 1184 insultus
1932 1153 2027 1196 pacis

142 1211 177 1242 et
209 1210 317 1256 patrie
357 1207 562 1252 turbatores,
606 1219 776 1242 murorum
817 1211 1022 1243 necessariis
1059 1213 1092 1243 et
1123 1209 1225 1244 firmis
1263 1209 1513 1244 circumdantur
1547 1213 1719 1245 cinctoriis
1752 1222 1793 1245 ac
1829 1211 2026 1247 decentibus

142 1271 264 1316 menijs
301 1269 519 1314 decorantur,
561 1274 595 1304 ut
637 1272 669 1304 in
706 1273 787 1317 ipsis
822 1274 855 1305 et
890 1270 1000 1316 Regia
1041 1270 1153 1305 laudat
1185 1273 1359 1317 potencia„
1403 1276 1435 1306 et
1470 1271 1676 1307 habitatores
1714 1284 1832 1307 earum
1875 1276 2027 1309 securius

141 1334 329 1379 quiescant,
359 1331 507 1366 firmetur
534 1334 677 1375 iusticia,
708 1336 741 1366 et
767 1335 860 1379 pacis
889 1332 1120 1378 tranquillitas,
1150 1335 1223 1368 sine
1254 1344 1317 1380 qua
1347 1345 1458 1367 rerum
1488 1334 1664 1380 opulencie
1698 1346 1766 1369 non
1801 1340 2025 1381 consurgunt,

142 1396 303 1428 continua
337 1405 375 1429 se
409 1393 557 1440 gaudeat-
589 1396 762 1440 suscipere
800 1396 1018 1438 incrementa⁷
1060 1395 1282 1441 volentesque
1315 1394 1356 1429 ad
1394 1395 1457 1430 hoc
1487 1407 1585 1442 opem
1614 1401 1645 1430 et
1675 1407 1812 1443 operam
1841 1396 2025 1432 efficaciter

142 1454 315 1499 adhibere,
343 1455 432 1501 quod
459 1455 594 1502 opidum
622 1460 773 1490 nostram
801 1455 944 1490 Luthow
973 1459 1190 1502 prerogativa
1219 1457 1309 1491 civili
1338 1457 1495 1502 gaudeat,
1526 1462 1559 1492 et
1586 1469 1630 1492 ex
1657 1470 1694 1492 re
1716 1469 1838 1492 nomen
1862 1458 2022 1503 obtineat.

141 1521 175 1552 et
202 1520 235 1551 in
263 1521 461 1564 perpetuum
488 1516 623 1560 habeat„
653 1520 798 1552 civitatis
827 1517 966 1552 dilectos
995 1520 1089 1552 cives
1117 1522 1263 1553 nostros.
1293 1521 1347 1564 qui
1376 1521 1408 1553 in
1438 1521 1509 1565 ipsa
1539 1522 1674 1554 ciuitate
1703 1524 1817 1554 nostra
1846 1519 2024 1554 Luthowia

142 1590 231 1614 nunc
259 1583 347 1623 sunt,
376 1579 431 1614 vel
459 1582 677 1626 imposterum
706 1578 839 1623 suerint,
870 1578 911 1613 de
940 1579 1096 1625 specialis
1125 1579 1265 1615 favoris.
1295 1591 1359 1626 qua
1389 1592 1448 1615 eos
1477 1584 1710 1627 prosequimur
1738 1584 1866 1626 gracia,
1897 1581 2024 1616 eisdem

141 1640 298 1677 omnibus
332 1645 365 1675 et
397 1641 556 1687 singulis„
593 1640 712 1687 quibus
747 1640 858 1675 dilecti
900 1640 996 1675 nobis
1035 1640 1279 1676 Olomucenses
1315 1653 1354 1676 ac
1388 1641 1486 1677 Noue
1521 1642 1671 1677 Ciuitatis
1712 1654 1818 1689 prope
1861 1642 2024 1678 Oloniucz

140 1706 235 1738 ciues
262 1705 368 1738 nostri
395 1702 544 1749 gaudent
573 1707 604 1737 et
633 1702 786 1737 fruuntur
815 1702 952 1746 iuribus,
981 1702 1187 1738 libertatibus
1217 1708 1249 1738 et
1277 1703 1556 1750 exempcionibus
1587 1703 1626 1738 de
1656 1704 1795 1738 collecta
1825 1707 1921 1750 regia
1950 1707 2024 1739 siue

141 1764 246 1800 berna
274 1763 340 1799 frui
367 1764 523 1799 volumus
552 1769 726 1811 perpetuo,
757 1769 788 1799 et
816 1765 977 1809 gauderea
1007 1764 1235 1799 concedentes
1264 1768 1312 1800 eis
1340 1768 1373 1799 in
1402 1770 1611 1812 perpetuum.
1641 1770 1673 1799 ut
1704 1765 1744 1800 de
1773 1765 1926 1800 domibus
1942 1769 2023 1801 suis.

85 1855 93 1857 ,
140 1837 224 1873 quas
261 1829 295 1861 in
330 1829 402 1873 ipsa
438 1829 571 1860 ciuitate
602 1827 673 1871 jam
709 1825 880 1860 edificatas
922 1825 1082 1869 obtinent,
1113 1837 1172 1860 seu
1202 1826 1432 1861 edificaverint
1461 1830 1491 1860 in
1522 1826 1667 1861 futurum
1696 1829 1904 1872 exaccionis‚
1935 1839 2025 1862 con-

140 1887 347 1933 tribucionis,
377 1888 528 1931 collecte,
559 1887 708 1931 subsidii⁷
738 1899 798 1922 seu
827 1890 1066 1934 cuiuscumque
1095 1887 1245 1923 dacionis
1274 1888 1328 1922 vel
1358 1888 1540 1923 solucionis
1570 1891 1706 1923 nomine
1739 1888 1839 1923 nichil
1869 1889 2022 1936 amplius.

139 1961 239 1998 quam
266 1950 364 1985 valor
391 1950 568 1984 cuiuslibet
596 1961 675 1984 aree
703 1949 953 1984 racionabiliter
981 1954 1114 1984 taxatus
1142 1949 1253 1985 fuerit.
1283 1961 1343 1996 per
1371 1953 1496 1984 iuratos
1526 1953 1668 1984 ciuitatis
1698 1950 1858 1997 predicte‚
1889 1962 1950 1985 suo
1981 1951 2022 1986 de

140 2012 229 2048 bona
265 2014 300 2047 in
337 2022 379 2047 eo
413 2011 567 2046 habenda
602 2014 817 2046 consciencia
856 2014 993 2058 prestito
1030 2014 1228 2046 iuramento,
1272 2023 1313 2046 ac
1341 2014 1448 2046 eciam
1478 2011 1519 2046 de
1553 2011 1755 2058 quibuslibet
1783 2011 2023 2047 hereditatibus

139 2077 204 2122 ipsi
232 2076 357 2108 ciuitati
384 2072 637 2121 pertinentibus.
668 2085 709 2107 eo
732 2073 843 2107 modo.
875 2084 938 2119 quo
968 2076 1060 2107 iuxta
1090 2073 1214 2108 bonum
1243 2073 1410 2120 publicum
1440 2073 1510 2108 fieri
1540 2074 1687 2120 expedit,
1725 2074 1869 2109 discrete
1898 2077 2020 2108 taxatis

139 2136 232 2180 dare,
261 2135 476 2170 contribuere
503 2135 560 2170 vel
588 2138 686 2170 etiam
716 2135 848 2170 soluere
878 2139 1063 2169 teneantur.
1094 2146 1134 2169 ac
1162 2135 1328 2179 volentes,
1357 2135 1445 2181 quod
1474 2138 1567 2170 ciues
1595 2135 1735 2182 predicti
1765 2136 1806 2170 de
1834 2135 1930 2170 bonis
1960 2146 2020 2170 seu

139 2196 378 2232 hereditatibus
411 2209 476 2245 que
510 2197 564 2232 uel
599 2208 682 2244 quas
716 2197 803 2244 apud
839 2196 969 2231 nobiles
1002 2197 1055 2231 vel
1098 2196 1265 2242 ignobiles
1298 2201 1394 2231 extra
1429 2197 1612 2244 predictam
1648 2200 1817 2232 civitatem
1859 2197 2022 2243 degentes

138 2261 410 2306 comparauerint
442 2259 534 2294 titulo
567 2261 765 2306 empcionis.
800 2258 854 2293 vel
887 2261 987 2293 etiam
1023 2261 1050 2293 si
1080 2262 1152 2304 quis
1186 2258 1310 2302 talium,
1352 2261 1424 2293 iure
1460 2259 1563 2303 civili,
1599 2261 1633 2293 in
1661 2269 1727 2305 quo
1762 2258 1870 2292 nullus
1911 2261 2020 2305 ipsum

138 2320 301 2367 impedire
327 2325 510 2367 presumat,
541 2321 581 2356 ad
611 2323 715 2368 ipsam
745 2332 781 2354 se
811 2320 1013 2354 transtulerit
1043 2322 1223 2363 ciuitatem,
1253 2325 1348 2354 extra
1378 2323 1484 2367 ipsam
1507 2320 1548 2355 ad
1564 2320 1688 2355 nullum
1705 2331 1842 2367 prorsus
1859 2324 2022 2354 evocetur

138 2381 307 2426 iudicium,
336 2392 402 2416 nec
430 2382 525 2427 alias,
554 2394 652 2429 quam
682 2385 714 2417 in
745 2385 847 2429 ipsius
876 2384 1021 2416 ciuitatis
1049 2381 1172 2416 iudicio
1201 2384 1292 2416 iuxta
1321 2384 1402 2416 iuris
1430 2385 1503 2417 eius
1531 2382 1674 2417 formam
1703 2381 1867 2416 hactenus
1895 2381 2021 2415 obser-

138 2448 262 2487 uatam,
299 2443 507 2490 respondere
545 2447 689 2491 cuipiam
728 2448 913 2479 teneantur.
943 2442 988 2477 Vt
1016 2447 1127 2478 autem
1157 2443 1318 2490 sepedicti
1348 2446 1441 2478 ciues
1469 2447 1573 2479 nostri
1602 2447 1822 2478 memoratam
1851 2445 2020 2477 ciuitatem

137 2515 232 2540 suam
267 2515 362 2539 muro
397 2505 577 2540 altitudinis
619 2506 767 2541 sedecim
800 2505 951 2540 ulnarum
989 2507 1258 2550 circumcingere
1292 2505 1376 2540 ultra
1418 2508 1510 2541 uires
1543 2517 1621 2540 suas
1657 2509 1772 2539 nostre
1808 2503 1849 2538 ad
1877 2503 1943 2539 hoc
1970 2507 2020 2539 eis

136 2565 372 2601 munificencie
413 2566 674 2612 suffragantibus
707 2567 864 2613 subsidijs
898 2577 966 2601 non
1000 2571 1186 2612 grauentur
1222 2569 1303 2613 ipsis
1340 2578 1358 2601 a
1395 2567 1472 2602 data
1514 2569 1726 2613 presencium
1767 2565 1809 2600 ad
1842 2565 2019 2600 duodecim

137 2638 303 2663 annorum
345 2630 496 2675 spacium
524 2631 680 2663 continue
708 2629 896 2664 revolutum
925 2627 966 2663 ab
1001 2630 1170 2664 vniuersis
1203 2628 1459 2674 exaccionibus,
1501 2626 1822 2672 contribiicionihuS‚
1857 2627 2018 2671 collectis3

1747 2686 1806 2718 32*
