2341 3005
991 267 1185 302 CCXCVII.

158 346 346 381 Com-metio
382 348 472 381 iuter
513 348 696 392 capitulam
743 348 966 381 Olonmcense
1009 351 1043 381 et
1073 351 1273 382 com-entatu
1312 351 1516 383 monasterii
1549 350 1714 385 Lucensis
1742 352 1783 386 cle
1812 352 2033 387 decimalibus

154 408 306 442 denariis
335 420 354 442 e
382 408 581 454 qm'busdmn
623 410 781 444 ecclesiis
814 409 862 443 ad
901 411 1146 443 monasterium
1182 410 1447 455 pertinentibus.
1491 411 1552 445 Dt.
1584 414 1616 446 in
1654 413 1824 457 Ulometcz,
1863 414 2033 448 Kalendis

944 470 1104 505 Octobris
1135 471 1245 506 1325.

328 539 419 593 ⁴xus
447 559 574 593 Jenczo
604 559 763 594 decanus.
795 559 904 594 Sboro
933 559 1137 606 Prepositus.
1168 564 1199 594 et
1229 560 1415 607 Capitulum
1445 560 1679 597 Olomucensis
1708 563 1861 599 Ecclesie
1891 565 2030 599 Tenore

155 624 367 667 presencium
404 621 444 655 ad
486 623 738 655 vniuerssorum
775 620 895 655 Christi
934 621 1077 656 fidelium
1111 625 1268 656 noticiam
1304 625 1456 669 cupimus
1492 627 1682 670 peruenire.
1727 624 1823 666 Quod
1852 638 1925 660 cum
1955 626 2031 660 olim

153 684 240 716 inter
267 693 341 726 1105,
372 693 417 717 ex
445 687 538 728 parte
567 694 647 717 vna.
677 687 709 717 et
737 683 929 728 Religiosos
957 686 1051 718 viros
1088 683 1256 718 dominum
1288 684 1469 730 Abbatein.
1514 697 1553 719 ac
1595 685 1800 720 Conuentuin
1835 687 2031 722 Monasterii

153 742 325 788 Lucensis„
370 742 504 778 Ordinis
532 744 852 779 Premonstratensis
889 744 1124 780 Olomucensis
1158 746 1340 793 Dyocesis.
1384 758 1428 781 ex
1462 752 1557 794 parte
1593 748 1709 792 altera.
1746 759 1805 795 pro
1835 749 2031 794 quibusdam

153 805 370 840 decimalibus
412 817 472 840 seu
515 805 691 841 fumalibus
734 806 890 850 denariis.
934 807 975 841 de
1015 807 1179 842 Ecclesiis
1221 811 1328 842 sancti
1356 808 1485 843 Nicolai
1514 811 1547 843 in
1577 809 1729 853 Znoima.
1760 810 1922 845 Schatow
1955 822 2047 845 cuin·

153 866 242 901 filiali
270 878 330 902 sua
358 870 392 901 in
419 867 522 914 Dyax
552 871 728 914 superiori.
760 868 970 913 Tassowicz.
1013 869 1224 914 Prosmiriez,
1260 870 1436 914 Olokvicz.
1474 870 1632 915 Lodnicz,
1665 871 1834 916 Grilwicz.
1866 872 2030 907 Prowtcz.

151 927 328 973 Premticz,
358 929 625 973 Hart‚,LukOW.
669 929 815 974 Ronkel,
853 930 1032 975 Mulwren,
1063 936 1095 965 et
1122 931 1300 966 Domamul
1334 932 1431 967 nobis
1460 933 1630 968 soluendis
1659 945 1783 978 31111110,
1813 938 1928 979 grauis
1958 935 2032 969 dis-

151 990 266 1025 cordia
302 990 422 1025 fuisset
459 996 589 1030 exorta.
633 995 714 1038 ipsis
757 993 997 1037 asserentibus,
1041 993 1129 1039 qvod
1165 993 1206 1028 de
1242 994 1366 1028 eisdem
1409 994 1573 1029 Ecclesiis
1614 1006 1683 1029 non
1717 995 1789 1042 111115
1819 1006 1917 1041 quam
1948 996 2030 1030 duas

150 1051 286 1087 Marnas
314 1052 449 1087 solvere
478 1053 574 1087 nobis
604 1065 715 1088 annuo
745 1058 950 1098 tenerentur,
985 1054 1082 1089 nobis
1123 1066 1208 1089 vero
1237 1056 1338 1090 multo
1369 1056 1441 1102 plus
1471 1056 1686 1102 exigentibus
1715 1056 1755 1093 de
1785 1057 1923 1092 eisdem.
1954 1063 2033 1092 tan-

151 1113 226 1149 dem
255 1114 297 1149 ad
325 1125 459 1149 omnem
487 1115 706 1150 dissensionis
749 1119 923 1150 materiam
965 1117 1212 1163 amputandam,
1255 1122 1287 1152 et
1314 1122 1350 1152 vt
1378 1121 1463 1152 inter
1492 1130 1564 1153 nos.
1595 1123 1627 1153 et
1655 1119 1793 1154 eosdem
1837 1120 2031 1156 concordie.

149 1180 184 1211 et
211 1175 360 1211 karitatis
389 1177 560 1211 vinculum
594 1176 719 1212 firmius
754 1183 965 1224 perseveret.
1010 1178 1159 1224 diligenti
1187 1184 1338 1219 tractatu.
1369 1184 1401 1214 et
1430 1180 1678 1215 deliberacione
1708 1180 1901 1227 prehabitis.
1933 1193 2032 1216 eom—

150 1240 358 1285 posicionem
399 1250 475 1273 011111
512 1239 640 1273 eisdem
681 1239 779 1273 talem
813 1243 981 1274 communi
1018 1245 1146 1275 nostro.
1189 1246 1221 1275 et
1251 1244 1396 1288 ipsorum
1434 1242 1616 1276 accedente
1646 1253 1826 1277 consensu.
1857 1243 2032 1290 sollempni

150 1300 371 1347 stipulacione
400 1303 574 1335 interiecta
605 1301 759 1336 duximus
789 1302 990 1346 faciendam.
1020 1302 1175 1336 videlicet
1205 1303 1293 1348 qvod
1324 1303 1399 1337 dicti
1430 1303 1582 1338 (lominus
1615 1303 1735 1338 Abbas
1771 1309 1801 1339 et
1836 1303 2031 1339 Conuentus

148 1361 345 1407 Monasterij
375 1361 549 1406 Lucensis.
579 1365 715 1397 nomine
745 1374 817 1407 suo.
848 1368 879 1397 et
909 1363 1071 1398 dictarum
1099 1364 1339 1399 Ecclesiarum.
1370 1377 1432 1399 sex
1461 1365 1594 1400 Marcas
1622 1365 1860 1411 Morauicales
1904 1371 1935 1401 01
1963 1378 2031 1402 11011

150 1423 224 1470 plus
258 1427 437 1469 sexaginta
472 1428 614 1470 quatuor
648 1427 777 1470 grossis
822 1437 882 1472 pro
924 1424 1038 1460 Marca
1075 1425 1219 1471 qualibet
1261 1427 1514 1474 computandis.
1554 1430 1650 1462 annis
1685 1428 1825 1473 singulis
1862 1431 1893 1462 in
1933 1433 2031 1463 antea

149 1484 259 1520 nohis,
303 1484 465 1532 Capitulo.
512 1491 673 1533 perpetue
708 1486 793 1521 infra
836 1491 976 1522 octavas
1017 1490 1124 1522 saneti
1155 1487 1301 1532 Martini.
1338 1491 1370 1522 in
1405 1489 1546 1523 Ciuitate
1575 1489 1783 1536 Znoymensi
1812 1501 1872 1536 pro
1903 1490 2032 1524 eisdem

149 1546 367 1581 decimalibus
405 1551 540 1582 0111111110
584 1548 718 1583 50111010
754 1553 941 1592 teneantur.
978 1549 1114 1595 Nosque
1152 1550 1300 1594 eosdem.
1344 1555 1375 1584 et
1404 1550 1509 1584 dictas
1547 1550 1733 1595 Ecclesias‚
1769 1563 1829 1586 seu
1864 1551 2031 1586 Rectores

149 1620 283 1652 03111111,
326 1608 415 1655 qvod
457 1609 668 1656 presentibus
703 1613 941 1657 promittimus,
984 1623 1051 1645 11011
1095 1611 1277 1646 debeamus
1313 1623 1357 1646 ex
1393 1615 1504 1646 causis
1546 1612 1702 1658 predictis
1745 1613 1786 1647 ad
1821 1613 2029 1648 solucionem

149 1673 286 1705 maioris
321 1682 450 1705 5111111110
493 1671 679 1719 aliqualiter
719 1677 876 1707 coartare
914 1676 1151 1707 renunciantes
1180 1676 1212 1707 in
1241 1673 1304 1708 hoc
1340 1674 1503 1708 beneficio
1546 1677 1773 1709 restitucionis
1802 1677 1834 1708 in
1863 1677 2030 1720 integrum

148 1735 349 1779 excepcioni
386 1732 452 1767 doli
493 1733 581 1777 mali.
612 1738 643 1768 et
672 1736 760 1768 omni
791 1734 843 1779 alij
888 1738 1099 1781 excepcioui.
1143 1740 1173 1770 et
1203 1736 1328 1770 auxilio
1357 1740 1424 1770 tam
1453 1739 1534 1770 iuris
1565 1736 1738 1781 Canonici,
1775 1747 1874 1782 quam
1904 1736 2029 1781 Ciuilis,

148 1805 210 1841 per
237 1805 300 1841 que
330 1794 416 1829 dicta
459 1800 573 1830 nostra
603 1799 809 1842 composicio
844 1799 987 1841 gratuite
1023 1796 1190 1831 celebrata
1226 1800 1346 1832 irritari
1381 1802 1495 1844 posset
1529 1800 1682 1839 inantea.
1725 1798 1781 1832 vel
1814 1801 1946 1832 mutari.
1990 1798 2027 1833 In

147 1858 242 1891 cuius
270 1859 320 1891 rei
349 1859 573 1891 testimonium
602 1862 778 1904 presentes
807 1857 933 1892 litteras
962 1858 1142 1893 tradendas
1185 1859 1350 1894 duximus.
1395 1859 1502 1905 Sigilli
1540 1859 1681 1906 Capituli
1714 1863 1819 1894 nostri
1847 1863 2029 1894 munimine

148 1917 335 1953 roboratas.
392 1918 513 1953 Datum
556 1922 590 1954 in
633 1918 794 1954 Olomucz
836 1920 938 1954 Anno
981 1920 1103 1954 domini
1145 1920 1323 1956 Millcsinio
1373 1921 1648 1965 Trecentesimo,
1698 1924 1860 1956 vicesimo
1903 1925 2026 1968 quinto.

147 1979 306 2015 Kalendis
336 1979 504 2016 Octobris.

461 2061 549 2095 (Orig.
583 2062 728 2089 membran.
766 2070 825 2088 cuni
858 2061 951 2096 sigillo
981 2071 1014 2088 ex
1047 2066 1123 2097 parte
1160 2066 1240 2098 rupto
1275 2063 1301 2090 in
1333 2063 1444 2090 archivo
1483 2062 1603 2098 ejusdem
1636 2063 1794 2090 monasterii
1825 2064 1903 2099 apud.
1936 2065 1964 2091 C.
1998 2065 2026 2091 11.

566 2114 682 2141 Gubern.
709 2115 802 2142 Brunae
827 2115 886 2142 sub.
913 2115 960 2142 Lit.
986 2115 1012 2142 L.
1039 2124 1064 2143 11.
1093 2114 1156 2147 15.)

981 2229 1190 2265 CCXCVIII.

320 2296 502 2359 Jacohus.
532 2321 711 2365 episcopus
743 2317 962 2352 Motoncnsis.
1005 2323 1035 2352 et
1081 2318 1281 2365 Stephanus,
1312 2321 1490 2366 episcopus
1526 2319 1717 2355 Veniensis.
1755 2319 1941 2353 concedunt
1985 2319 2025 2353 ad

149 2380 341 2425 petitionem
358 2377 494 2413 Heni-ici
517 2379 592 2414 dicti
616 2380 781 2414 Bereman
798 2379 950 2413 eeclesia·
980 2379 1010 2413 b.
1041 2379 1170 2414 Nicolai
1200 2383 1233 2414 in
1260 2380 1427 2428 Naymen.
1452 2381 1667 2417 Olomucens.
1693 2382 1777 2415 dioc.
1800 2381 2024 2427 indulgentias

146 2438 216 2474 XL.
251 2439 389 2474 dierum.
426 2440 547 2474 Datum
576 2441 692 2475 Roinae
721 2441 813 2475 XVI.
844 2440 1046 2476 Novembris
1077 2441 1187 2476 1325.

462 2529 550 2564 (Orig.
576 2531 722 2557 membran.
748 2540 805 2557 euin
832 2530 936 2557 1111011115
961 2530 1059 2565 sigillis
1085 2531 1169 2566 ruptis
1193 2531 1218 2558 in
1244 2531 1354 2560 archivo
1379 2532 1536 2560 monasterii
1562 2532 1689 2559 Lucensis
1714 2532 1782 2568 apud
1805 2532 1835 2559 C.
1855 2532 1884 2559 R.
1907 2532 2022 2559 ancrn.

563 2582 656 2610 Brunae
681 2584 729 2610 sub
755 2584 794 2611 lit.
821 2584 848 2611 F.
875 2593 899 2611 n.
929 2583 990 2616 14.)
