<?xml version="1.0" encoding="UTF-8"?>
<!DOCTYPE html PUBLIC "-//W3C//DTD XHTML 1.0 Transitional//EN"
    "http://www.w3.org/TR/xhtml1/DTD/xhtml1-transitional.dtd">
<html xmlns="http://www.w3.org/1999/xhtml" xml:lang="en" lang="en">
 <head>
  <title>
</title>
<meta http-equiv="Content-Type" content="text/html;charset=utf-8" />
  <meta name='ocr-system' content='tesseract 3.04.00' />
  <meta name='ocr-capabilities' content='ocr_page ocr_carea ocr_par ocr_line ocrx_word'/>
</head>
<body>
  <div class='ocr_page' id='page_1' title='image "./codexdiplomaticu06morauoft_0403.png"; bbox 0 0 2341 3005; ppageno 0'>
   <div class='ocr_carea' id='block_1_1' title="bbox 1067 163 1137 198">
    <p class='ocr_par' dir='ltr' id='par_1_1' title="bbox 1067 163 1137 198">
     <span class='ocr_line' id='line_1_1' title="bbox 1067 163 1137 198; baseline 0 0"><span class='ocrx_word' id='word_1_1' title='bbox 1067 163 1137 198; x_wconf 90' lang='lat'>331</span> 
     </span>
    </p>
   </div>
   <div class='ocr_carea' id='block_1_2' title="bbox 120 277 2046 1056">
    <p class='ocr_par' dir='ltr' id='par_1_2' title="bbox 120 277 2046 1056">
     <span class='ocr_line' id='line_1_2' title="bbox 164 277 2044 331; baseline -0.001 -16"><span class='ocrx_word' id='word_1_2' title='bbox 164 280 399 315; x_wconf 87' lang='lat' dir='ltr'>Olomucensis</span> <span class='ocrx_word' id='word_1_3' title='bbox 443 279 587 315; x_wconf 84' lang='lat' dir='ltr'>diocesis</span> <span class='ocrx_word' id='word_1_4' title='bbox 630 279 786 331; x_wconf 87' lang='lat' dir='ltr'>Salutem</span> <span class='ocrx_word' id='word_1_5' title='bbox 815 283 847 313; x_wconf 91' lang='lat' dir='ltr'>et</span> <span class='ocrx_word' id='word_1_6' title='bbox 891 278 1110 325; x_wconf 87' lang='lat' dir='ltr'>apostolicam</span> <span class='ocrx_word' id='word_1_7' title='bbox 1146 277 1428 312; x_wconf 78' lang='lat' dir='ltr'>benedictionem.</span> <span class='ocrx_word' id='word_1_8' title='bbox 1479 278 1560 313; x_wconf 87' lang='lat' dir='ltr'>Cum</span> <span class='ocrx_word' id='word_1_9' title='bbox 1594 291 1613 313; x_wconf 88' lang='lat' dir='ltr'>a</span> <span class='ocrx_word' id='word_1_10' title='bbox 1646 278 1743 314; x_wconf 90' lang='lat' dir='ltr'>nobis</span> <span class='ocrx_word' id='word_1_11' title='bbox 1783 282 1919 326; x_wconf 89' lang='lat' dir='ltr'>petitur.</span> <span class='ocrx_word' id='word_1_12' title='bbox 1959 280 2044 326; x_wconf 87' lang='lat' dir='ltr'>quod</span> 
     </span>
     <span class='ocr_line' id='line_1_3' title="bbox 163 340 2043 388; baseline -0.001 -11"><span class='ocrx_word' id='word_1_13' title='bbox 163 345 282 377; x_wconf 88' lang='lat' dir='ltr'>iustum</span> <span class='ocrx_word' id='word_1_14' title='bbox 312 347 364 376; x_wconf 88' lang='lat' dir='ltr'>est</span> <span class='ocrx_word' id='word_1_15' title='bbox 392 346 423 376; x_wconf 90' lang='lat' dir='ltr'>et</span> <span class='ocrx_word' id='word_1_16' title='bbox 443 341 619 376; x_wconf 87' lang='lat' dir='ltr'>honestum</span> <span class='ocrx_word' id='word_1_17' title='bbox 643 346 709 376; x_wconf 85' lang='lat' dir='ltr'>tam</span> <span class='ocrx_word' id='word_1_18' title='bbox 725 343 824 387; x_wconf 86' lang='lat' dir='ltr'>uigor</span> <span class='ocrx_word' id='word_1_19' title='bbox 840 343 1006 387; x_wconf 65' lang='lat' dir='ltr'>equitatis.</span> <span class='ocrx_word' id='word_1_20' title='bbox 1036 351 1135 386; x_wconf 88' lang='lat' dir='ltr'>quam</span> <span class='ocrx_word' id='word_1_21' title='bbox 1163 340 1246 374; x_wconf 90' lang='lat' dir='ltr'>ordo</span> <span class='ocrx_word' id='word_1_22' title='bbox 1274 342 1382 386; x_wconf 79' lang='lat' dir='ltr'>exigit</span> <span class='ocrx_word' id='word_1_23' title='bbox 1409 342 1560 375; x_wconf 89' lang='lat' dir='ltr'>rationis.</span> <span class='ocrx_word' id='word_1_24' title='bbox 1590 346 1624 375; x_wconf 87' lang='lat' dir='ltr'>ut</span> <span class='ocrx_word' id='word_1_25' title='bbox 1652 341 1683 375; x_wconf 91' lang='lat' dir='ltr'>id</span> <span class='ocrx_word' id='word_1_26' title='bbox 1712 352 1772 388; x_wconf 88' lang='lat' dir='ltr'>per</span> <span class='ocrx_word' id='word_1_27' title='bbox 1800 341 2043 376; x_wconf 76' lang='lat' dir='ltr'>solicitudinem</span> 
     </span>
     <span class='ocr_line' id='line_1_4' title="bbox 163 401 2044 450; baseline -0.001 -12"><span class='ocrx_word' id='word_1_28' title='bbox 163 402 262 449; x_wconf 88' lang='lat' dir='ltr'>officij</span> <span class='ocrx_word' id='word_1_29' title='bbox 293 406 398 438; x_wconf 83' lang='lat' dir='ltr'>nostri</span> <span class='ocrx_word' id='word_1_30' title='bbox 429 403 469 438; x_wconf 88' lang='lat' dir='ltr'>ad</span> <span class='ocrx_word' id='word_1_31' title='bbox 499 403 645 438; x_wconf 86' lang='lat' dir='ltr'>debitum</span> <span class='ocrx_word' id='word_1_32' title='bbox 674 402 876 450; x_wconf 75' lang='lat' dir='ltr'>perducatur</span> <span class='ocrx_word' id='word_1_33' title='bbox 904 402 1069 436; x_wconf 85' lang='lat' dir='ltr'>effectum.</span> <span class='ocrx_word' id='word_1_34' title='bbox 1100 401 1290 448; x_wconf 87' lang='lat' dir='ltr'>Eapropter</span> <span class='ocrx_word' id='word_1_35' title='bbox 1325 401 1445 436; x_wconf 91' lang='lat' dir='ltr'>dilecte</span> <span class='ocrx_word' id='word_1_36' title='bbox 1474 404 1507 436; x_wconf 89' lang='lat' dir='ltr'>in</span> <span class='ocrx_word' id='word_1_37' title='bbox 1536 402 1670 436; x_wconf 86' lang='lat' dir='ltr'>domino</span> <span class='ocrx_word' id='word_1_38' title='bbox 1705 403 1770 437; x_wconf 85' lang='lat' dir='ltr'>lilie</span> <span class='ocrx_word' id='word_1_39' title='bbox 1798 406 1920 438; x_wconf 84' lang='lat' dir='ltr'>uestris</span> <span class='ocrx_word' id='word_1_40' title='bbox 1950 406 2044 438; x_wconf 87' lang='lat' dir='ltr'>iustis</span> 
     </span>
     <span class='ocr_line' id='line_1_5' title="bbox 161 463 2046 512; baseline -0.001 -12"><span class='ocrx_word' id='word_1_41' title='bbox 161 465 443 512; x_wconf 87' lang='lat' dir='ltr'>postulationibus</span> <span class='ocrx_word' id='word_1_42' title='bbox 485 469 582 511; x_wconf 83' lang='lat' dir='ltr'>grato</span> <span class='ocrx_word' id='word_1_43' title='bbox 620 469 859 499; x_wconf 88' lang='lat' dir='ltr'>conuertentes</span> <span class='ocrx_word' id='word_1_44' title='bbox 903 475 1047 499; x_wconf 86' lang='lat' dir='ltr'>assensu</span> <span class='ocrx_word' id='word_1_45' title='bbox 1083 474 1251 510; x_wconf 81' lang='lat' dir='ltr'>personas</span> <span class='ocrx_word' id='word_1_46' title='bbox 1282 467 1415 498; x_wconf 84' lang='lat' dir='ltr'>uestras</span> <span class='ocrx_word' id='word_1_47' title='bbox 1449 468 1481 497; x_wconf 88' lang='lat' dir='ltr'>et</span> <span class='ocrx_word' id='word_1_48' title='bbox 1515 463 1625 497; x_wconf 81' lang='lat' dir='ltr'>locuni</span> <span class='ocrx_word' id='word_1_49' title='bbox 1661 467 1692 498; x_wconf 91' lang='lat' dir='ltr'>in</span> <span class='ocrx_word' id='word_1_50' title='bbox 1729 476 1794 510; x_wconf 89' lang='lat' dir='ltr'>quo</span> <span class='ocrx_word' id='word_1_51' title='bbox 1823 464 1936 499; x_wconf 88' lang='lat' dir='ltr'>diuino</span> <span class='ocrx_word' id='word_1_52' title='bbox 1965 467 2046 500; x_wconf 85' lang='lat' dir='ltr'>estis</span> 
     </span>
     <span class='ocr_line' id='line_1_6' title="bbox 162 525 2045 574; baseline 0 -13"><span class='ocrx_word' id='word_1_53' title='bbox 162 526 324 573; x_wconf 83' lang='lat' dir='ltr'>absequio</span> <span class='ocrx_word' id='word_1_54' title='bbox 352 529 554 574; x_wconf 78' lang='lat' dir='ltr'>mancipate,</span> <span class='ocrx_word' id='word_1_55' title='bbox 584 537 659 561; x_wconf 90' lang='lat' dir='ltr'>cum</span> <span class='ocrx_word' id='word_1_56' title='bbox 689 525 844 561; x_wconf 88' lang='lat' dir='ltr'>omnibus</span> <span class='ocrx_word' id='word_1_57' title='bbox 872 525 970 560; x_wconf 89' lang='lat' dir='ltr'>bonis</span> <span class='ocrx_word' id='word_1_58' title='bbox 1006 537 1070 572; x_wconf 88' lang='lat' dir='ltr'>que</span> <span class='ocrx_word' id='word_1_59' title='bbox 1105 528 1398 572; x_wconf 84' lang='lat' dir='ltr'>impresentiariun</span> <span class='ocrx_word' id='word_1_60' title='bbox 1432 525 1674 560; x_wconf 80' lang='lat' dir='ltr'>rationabiliter</span> <span class='ocrx_word' id='word_1_61' title='bbox 1707 526 1900 572; x_wconf 70' lang='lat' dir='ltr'>possidetis,</span> <span class='ocrx_word' id='word_1_62' title='bbox 1930 531 1985 561; x_wconf 86' lang='lat' dir='ltr'>aut</span> <span class='ocrx_word' id='word_1_63' title='bbox 2012 529 2045 561; x_wconf 91' lang='lat' dir='ltr'>in</span> 
     </span>
     <span class='ocr_line' id='line_1_7' title="bbox 161 586 2046 635; baseline -0.001 -12"><span class='ocrx_word' id='word_1_64' title='bbox 161 587 306 624; x_wconf 90' lang='lat' dir='ltr'>futurum</span> <span class='ocrx_word' id='word_1_65' title='bbox 335 591 428 623; x_wconf 91' lang='lat' dir='ltr'>iustis</span> <span class='ocrx_word' id='word_1_66' title='bbox 458 588 563 623; x_wconf 90' lang='lat' dir='ltr'>modis</span> <span class='ocrx_word' id='word_1_67' title='bbox 578 592 749 635; x_wconf 80' lang='lat' dir='ltr'>prestante</span> <span class='ocrx_word' id='word_1_68' title='bbox 766 587 900 622; x_wconf 89' lang='lat' dir='ltr'>domino</span> <span class='ocrx_word' id='word_1_69' title='bbox 916 590 1066 634; x_wconf 89' lang='lat' dir='ltr'>poteritis</span> <span class='ocrx_word' id='word_1_70' title='bbox 1094 587 1246 634; x_wconf 77' lang='lat' dir='ltr'>adipisci,</span> <span class='ocrx_word' id='word_1_71' title='bbox 1275 586 1337 622; x_wconf 90' lang='lat' dir='ltr'>sub</span> <span class='ocrx_word' id='word_1_72' title='bbox 1356 586 1445 621; x_wconf 89' lang='lat' dir='ltr'>beati</span> <span class='ocrx_word' id='word_1_73' title='bbox 1461 586 1548 621; x_wconf 90' lang='lat' dir='ltr'>Petri</span> <span class='ocrx_word' id='word_1_74' title='bbox 1577 592 1607 621; x_wconf 89' lang='lat' dir='ltr'>et</span> <span class='ocrx_word' id='word_1_75' title='bbox 1628 592 1779 621; x_wconf 90' lang='lat' dir='ltr'>nostram</span> <span class='ocrx_word' id='word_1_76' title='bbox 1801 591 2046 634; x_wconf 87' lang='lat' dir='ltr'>protectionem</span> 
     </span>
     <span class='ocr_line' id='line_1_8' title="bbox 163 648 2045 698; baseline -0.001 -13"><span class='ocrx_word' id='word_1_77' title='bbox 163 653 384 698; x_wconf 70' lang='lat' dir='ltr'>suscipimus,</span> <span class='ocrx_word' id='word_1_78' title='bbox 428 649 629 697; x_wconf 85' lang='lat' dir='ltr'>Specialiter</span> <span class='ocrx_word' id='word_1_79' title='bbox 669 654 780 684; x_wconf 89' lang='lat' dir='ltr'>autem</span> <span class='ocrx_word' id='word_1_80' title='bbox 823 649 972 684; x_wconf 89' lang='lat' dir='ltr'>decimas</span> <span class='ocrx_word' id='word_1_81' title='bbox 1014 653 1142 693; x_wconf 74' lang='lat' dir='ltr'>certas,</span> <span class='ocrx_word' id='word_1_82' title='bbox 1179 648 1310 692; x_wconf 59' lang='lat' dir='ltr'>domos,</span> <span class='ocrx_word' id='word_1_83' title='bbox 1353 651 1486 692; x_wconf 66' lang='lat' dir='ltr'>vineas,</span> <span class='ocrx_word' id='word_1_84' title='bbox 1521 653 1625 685; x_wconf 77' lang='lat' dir='ltr'>ortos.</span> <span class='ocrx_word' id='word_1_85' title='bbox 1656 653 1687 683; x_wconf 88' lang='lat' dir='ltr'>et</span> <span class='ocrx_word' id='word_1_86' title='bbox 1722 649 1786 683; x_wconf 88' lang='lat' dir='ltr'>aiia</span> <span class='ocrx_word' id='word_1_87' title='bbox 1815 649 1902 684; x_wconf 90' lang='lat' dir='ltr'>bona</span> <span class='ocrx_word' id='word_1_88' title='bbox 1931 654 2045 684; x_wconf 89' lang='lat' dir='ltr'>uestra</span> 
     </span>
     <span class='ocr_line' id='line_1_9' title="bbox 163 710 2046 758; baseline -0.001 -11"><span class='ocrx_word' id='word_1_89' title='bbox 163 715 249 747; x_wconf 84' lang='lat' dir='ltr'>sicut</span> <span class='ocrx_word' id='word_1_90' title='bbox 290 723 331 746; x_wconf 88' lang='lat' dir='ltr'>ea</span> <span class='ocrx_word' id='word_1_91' title='bbox 373 714 486 746; x_wconf 88' lang='lat' dir='ltr'>omnia</span> <span class='ocrx_word' id='word_1_92' title='bbox 528 714 627 755; x_wconf 69' lang='lat' dir='ltr'>iuste,</span> <span class='ocrx_word' id='word_1_93' title='bbox 663 723 703 746; x_wconf 90' lang='lat' dir='ltr'>ac</span> <span class='ocrx_word' id='word_1_94' title='bbox 744 710 885 758; x_wconf 83' lang='lat' dir='ltr'>pacifice</span> <span class='ocrx_word' id='word_1_95' title='bbox 914 711 1096 758; x_wconf 87' lang='lat' dir='ltr'>possidetis</span> <span class='ocrx_word' id='word_1_96' title='bbox 1130 710 1226 745; x_wconf 87' lang='lat' dir='ltr'>uobis</span> <span class='ocrx_word' id='word_1_97' title='bbox 1256 714 1288 745; x_wconf 88' lang='lat' dir='ltr'>et</span> <span class='ocrx_word' id='word_1_98' title='bbox 1316 722 1378 757; x_wconf 93' lang='lat' dir='ltr'>per</span> <span class='ocrx_word' id='word_1_99' title='bbox 1406 721 1467 745; x_wconf 92' lang='lat' dir='ltr'>uos</span> <span class='ocrx_word' id='word_1_100' title='bbox 1497 710 1584 745; x_wconf 90' lang='lat' dir='ltr'>dicto</span> <span class='ocrx_word' id='word_1_101' title='bbox 1614 713 1820 745; x_wconf 88' lang='lat' dir='ltr'>monasterio</span> <span class='ocrx_word' id='word_1_102' title='bbox 1850 714 2046 746; x_wconf 87' lang='lat' dir='ltr'>auctoritate</span> 
     </span>
     <span class='ocr_line' id='line_1_10' title="bbox 162 772 2045 821; baseline -0.001 -12"><span class='ocrx_word' id='word_1_103' title='bbox 162 773 349 821; x_wconf 85' lang='lat' dir='ltr'>apostolica</span> <span class='ocrx_word' id='word_1_104' title='bbox 377 772 615 808; x_wconf 87' lang='lat' dir='ltr'>confirmamus</span> <span class='ocrx_word' id='word_1_105' title='bbox 644 778 675 807; x_wconf 92' lang='lat' dir='ltr'>et</span> <span class='ocrx_word' id='word_1_106' title='bbox 703 776 870 820; x_wconf 87' lang='lat' dir='ltr'>presentis</span> <span class='ocrx_word' id='word_1_107' title='bbox 900 776 1015 820; x_wconf 89' lang='lat' dir='ltr'>scripti</span> <span class='ocrx_word' id='word_1_108' title='bbox 1043 775 1230 820; x_wconf 89' lang='lat' dir='ltr'>patrocinio</span> <span class='ocrx_word' id='word_1_109' title='bbox 1260 775 1516 815; x_wconf 73' lang='lat' dir='ltr'>conuuuninnis‚</span> <span class='ocrx_word' id='word_1_110' title='bbox 1547 772 1649 806; x_wconf 89' lang='lat' dir='ltr'>Salua</span> <span class='ocrx_word' id='word_1_111' title='bbox 1672 775 1705 806; x_wconf 92' lang='lat' dir='ltr'>in</span> <span class='ocrx_word' id='word_1_112' title='bbox 1726 772 1884 819; x_wconf 87' lang='lat' dir='ltr'>predictis</span> <span class='ocrx_word' id='word_1_113' title='bbox 1907 773 2045 808; x_wconf 77' lang='lat' dir='ltr'>decimis</span> 
     </span>
     <span class='ocr_line' id='line_1_11' title="bbox 162 832 2045 881; baseline 0 -11"><span class='ocrx_word' id='word_1_114' title='bbox 162 832 394 870; x_wconf 76' lang='lat' dir='ltr'>moderatione</span> <span class='ocrx_word' id='word_1_115' title='bbox 436 834 577 881; x_wconf 89' lang='lat' dir='ltr'>Concilij</span> <span class='ocrx_word' id='word_1_116' title='bbox 620 835 804 880; x_wconf 84' lang='lat' dir='ltr'>generalis.</span> <span class='ocrx_word' id='word_1_117' title='bbox 844 834 932 869; x_wconf 79' lang='lat' dir='ltr'>Nulli</span> <span class='ocrx_word' id='word_1_118' title='bbox 975 845 1060 881; x_wconf 85' lang='lat' dir='ltr'>ergo</span> <span class='ocrx_word' id='word_1_119' title='bbox 1095 837 1230 875; x_wconf 86' lang='lat' dir='ltr'>omnino</span> <span class='ocrx_word' id='word_1_120' title='bbox 1269 833 1439 868; x_wconf 87' lang='lat' dir='ltr'>hominum</span> <span class='ocrx_word' id='word_1_121' title='bbox 1475 835 1573 869; x_wconf 91' lang='lat' dir='ltr'>liceat</span> <span class='ocrx_word' id='word_1_122' title='bbox 1608 833 1697 869; x_wconf 86' lang='lat' dir='ltr'>hanc</span> <span class='ocrx_word' id='word_1_123' title='bbox 1738 837 1899 881; x_wconf 87' lang='lat' dir='ltr'>paginam</span> <span class='ocrx_word' id='word_1_124' title='bbox 1932 840 2045 870; x_wconf 84' lang='lat' dir='ltr'>nostre</span> 
     </span>
     <span class='ocr_line' id='line_1_12' title="bbox 161 896 2045 944; baseline -0.002 -12"><span class='ocrx_word' id='word_1_125' title='bbox 161 899 379 944; x_wconf 87' lang='lat' dir='ltr'>protectionis</span> <span class='ocrx_word' id='word_1_126' title='bbox 413 901 447 932; x_wconf 85' lang='lat' dir='ltr'>et</span> <span class='ocrx_word' id='word_1_127' title='bbox 480 896 746 932; x_wconf 88' lang='lat' dir='ltr'>confirmationis</span> <span class='ocrx_word' id='word_1_128' title='bbox 776 896 964 943; x_wconf 82' lang='lat' dir='ltr'>infringere</span> <span class='ocrx_word' id='word_1_129' title='bbox 993 896 1047 931; x_wconf 92' lang='lat' dir='ltr'>uel</span> <span class='ocrx_word' id='word_1_130' title='bbox 1076 899 1107 931; x_wconf 88' lang='lat' dir='ltr'>ei</span> <span class='ocrx_word' id='word_1_131' title='bbox 1137 908 1221 930; x_wconf 87' lang='lat' dir='ltr'>ausu</span> <span class='ocrx_word' id='word_1_132' title='bbox 1250 898 1430 931; x_wconf 88' lang='lat' dir='ltr'>temerario</span> <span class='ocrx_word' id='word_1_133' title='bbox 1464 898 1643 930; x_wconf 84' lang='lat' dir='ltr'>contraire.</span> <span class='ocrx_word' id='word_1_134' title='bbox 1675 896 1711 930; x_wconf 89' lang='lat' dir='ltr'>Si</span> <span class='ocrx_word' id='word_1_135' title='bbox 1741 899 1814 942; x_wconf 88' lang='lat' dir='ltr'>quis</span> <span class='ocrx_word' id='word_1_136' title='bbox 1843 901 1953 931; x_wconf 87' lang='lat' dir='ltr'>autem</span> <span class='ocrx_word' id='word_1_137' title='bbox 1983 896 2045 930; x_wconf 78' lang='lat' dir='ltr'>boc</span> 
     </span>
     <span class='ocr_line' id='line_1_13' title="bbox 120 957 2046 1006; baseline -0.001 -13"><span class='ocrx_word' id='word_1_138' title='bbox 120 980 122 985; x_wconf 69' lang='lat'>,</span> <span class='ocrx_word' id='word_1_139' title='bbox 162 963 361 1006; x_wconf 77' lang='lat' dir='ltr'>attemptare</span> <span class='ocrx_word' id='word_1_140' title='bbox 397 961 651 1006; x_wconf 63' lang='lat' dir='ltr'>presumpserit,</span> <span class='ocrx_word' id='word_1_141' title='bbox 687 958 954 1004; x_wconf 78' lang='lat' dir='ltr'>indignationem</span> <span class='ocrx_word' id='word_1_142' title='bbox 988 961 1225 1005; x_wconf 88' lang='lat' dir='ltr'>omnipotentis</span> <span class='ocrx_word' id='word_1_143' title='bbox 1255 957 1307 992; x_wconf 89' lang='lat' dir='ltr'>dci</span> <span class='ocrx_word' id='word_1_144' title='bbox 1335 962 1366 992; x_wconf 85' lang='lat' dir='ltr'>et</span> <span class='ocrx_word' id='word_1_145' title='bbox 1396 957 1570 992; x_wconf 85' lang='lat' dir='ltr'>beatorum</span> <span class='ocrx_word' id='word_1_146' title='bbox 1604 958 1691 992; x_wconf 87' lang='lat' dir='ltr'>Petri</span> <span class='ocrx_word' id='word_1_147' title='bbox 1721 963 1753 992; x_wconf 91' lang='lat' dir='ltr'>ct</span> <span class='ocrx_word' id='word_1_148' title='bbox 1780 958 1872 992; x_wconf 89' lang='lat' dir='ltr'>Pauli</span> <span class='ocrx_word' id='word_1_149' title='bbox 1902 963 2046 1005; x_wconf 81' lang='lat' dir='ltr'>aposto-</span> 
     </span>
     <span class='ocr_line' id='line_1_14' title="bbox 160 1019 2045 1056; baseline -0.001 -1"><span class='ocrx_word' id='word_1_150' title='bbox 160 1020 270 1055; x_wconf 83' lang='lat' dir='ltr'>lorum</span> <span class='ocrx_word' id='word_1_151' title='bbox 310 1023 382 1056; x_wconf 89' lang='lat' dir='ltr'>eius</span> <span class='ocrx_word' id='word_1_152' title='bbox 419 1032 458 1055; x_wconf 89' lang='lat' dir='ltr'>se</span> <span class='ocrx_word' id='word_1_153' title='bbox 492 1023 626 1056; x_wconf 87' lang='lat' dir='ltr'>nouerit</span> <span class='ocrx_word' id='word_1_154' title='bbox 661 1023 884 1055; x_wconf 89' lang='lat' dir='ltr'>incursurum.</span> <span class='ocrx_word' id='word_1_155' title='bbox 923 1020 1045 1054; x_wconf 84' lang='lat' dir='ltr'>Datum</span> <span class='ocrx_word' id='word_1_156' title='bbox 1073 1021 1246 1054; x_wconf 86' lang='lat' dir='ltr'>Auinione</span> <span class='ocrx_word' id='word_1_157' title='bbox 1288 1019 1401 1054; x_wconf 85' lang='lat' dir='ltr'>[dibus</span> <span class='ocrx_word' id='word_1_158' title='bbox 1442 1019 1646 1054; x_wconf 68' lang='lat' dir='ltr'>Nouembris</span> <span class='ocrx_word' id='word_1_159' title='bbox 1686 1019 1904 1055; x_wconf 76' lang='lat' dir='ltr'>Pontifieaius</span> <span class='ocrx_word' id='word_1_160' title='bbox 1941 1024 2045 1055; x_wconf 77' lang='lat' dir='ltr'>nostri</span> 
     </span>
    </p>
   </div>
   <div class='ocr_carea' id='block_1_3' title="bbox 161 1081 1314 1181">
    <p class='ocr_par' dir='ltr' id='par_1_3' title="bbox 161 1081 1314 1181">
     <span class='ocr_line' id='line_1_15' title="bbox 161 1081 563 1125; baseline 0 -8"><span class='ocrx_word' id='word_1_161' title='bbox 161 1082 264 1118; x_wconf 92' lang='lat' dir='ltr'>Anno</span> <span class='ocrx_word' id='word_1_162' title='bbox 294 1081 563 1125; x_wconf 86' lang='lat' dir='ltr'>Quintodecimo.</span> 
     </span>
     <span class='ocr_line' id='line_1_16' title="bbox 470 1143 1314 1181; baseline -0.001 -9"><span class='ocrx_word' id='word_1_163' title='bbox 470 1145 524 1179; x_wconf 82' lang='lat' dir='ltr'>(Ex</span> <span class='ocrx_word' id='word_1_164' title='bbox 550 1144 677 1180; x_wconf 76' lang='lat' dir='ltr'>originali</span> <span class='ocrx_word' id='word_1_165' title='bbox 702 1145 728 1172; x_wconf 88' lang='lat' dir='ltr'>in</span> <span class='ocrx_word' id='word_1_166' title='bbox 752 1145 864 1172; x_wconf 77' lang='lat' dir='ltr'>archivo</span> <span class='ocrx_word' id='word_1_167' title='bbox 888 1145 1002 1172; x_wconf 84' lang='lat' dir='ltr'>abbatiae</span> <span class='ocrx_word' id='word_1_168' title='bbox 1027 1143 1314 1181; x_wconf 65' lang='lat' dir='ltr'>Neo—Reuscliensis.)</span> 
     </span>
    </p>
   </div>
   <div class='ocr_carea' id='block_1_4' title="bbox 160 1240 2046 1412">
    <p class='ocr_par' dir='ltr' id='par_1_4' title="bbox 160 1240 2046 1412">
     <span class='ocr_line' id='line_1_17' title="bbox 989 1240 1211 1276; baseline 0 -1"><span class='ocrx_word' id='word_1_169' title='bbox 989 1240 1211 1276; x_wconf 72' lang='lat' dir='ltr'>CDXXXIV.</span> 
     </span>
     <span class='ocr_line' id='line_1_18' title="bbox 161 1303 2046 1349; baseline -0.001 -10"><span class='ocrx_word' id='word_1_170' title='bbox 161 1304 351 1348; x_wconf 75' lang='lat' dir='ltr'>Johamzes,</span> <span class='ocrx_word' id='word_1_171' title='bbox 385 1316 452 1339; x_wconf 70' lang='lat' dir='ltr'>rea:</span> <span class='ocrx_word' id='word_1_172' title='bbox 481 1304 668 1347; x_wconf 68' lang='lat' dir='ltr'>Bohemioe,</span> <span class='ocrx_word' id='word_1_173' title='bbox 709 1304 858 1349; x_wconf 60' lang='lat' dir='ltr'>simulans</span> <span class='ocrx_word' id='word_1_174' title='bbox 886 1305 919 1337; x_wconf 69' lang='lat'>1⁶22</span> <span class='ocrx_word' id='word_1_175' title='bbox 949 1303 1129 1349; x_wconf 66' lang='lat' dir='ltr'>eolleqiali</span> <span class='ocrx_word' id='word_1_176' title='bbox 1155 1303 1308 1338; x_wconf 74' lang='lat' dir='ltr'>ecelesia</span> <span class='ocrx_word' id='word_1_177' title='bbox 1336 1303 1375 1338; x_wconf 88' lang='lat' dir='ltr'>S.</span> <span class='ocrx_word' id='word_1_178' title='bbox 1407 1303 1510 1338; x_wconf 75' lang='lat' dir='ltr'>Petri</span> <span class='ocrx_word' id='word_1_179' title='bbox 1536 1303 1665 1339; x_wconf 79' lang='lat' dir='ltr'>Brzmoe</span> <span class='ocrx_word' id='word_1_180' title='bbox 1697 1304 1913 1347; x_wconf 63' lang='lat' dir='ltr'>decanatum.</span> <span class='ocrx_word' id='word_1_181' title='bbox 1948 1304 2046 1338; x_wconf 75' lang='lat' dir='ltr'>dolat</span> 
     </span>
     <span class='ocr_line' id='line_1_19' title="bbox 160 1365 2044 1412; baseline -0.001 -11"><span class='ocrx_word' id='word_1_182' title='bbox 160 1368 270 1412; x_wconf 69' lang='lat' dir='ltr'>ipsum</span> <span class='ocrx_word' id='word_1_183' title='bbox 297 1370 396 1401; x_wconf 81' lang='lat' dir='ltr'>certa</span> <span class='ocrx_word' id='word_1_184' title='bbox 420 1368 585 1412; x_wconf 72' lang='lat' dir='ltr'>portione</span> <span class='ocrx_word' id='word_1_185' title='bbox 615 1367 803 1401; x_wconf 73' lang='lat' dir='ltr'>reddituum</span> <span class='ocrx_word' id='word_1_186' title='bbox 832 1366 991 1400; x_wconf 63' lang='lat' dir='ltr'>ecclesiae</span> <span class='ocrx_word' id='word_1_187' title='bbox 1020 1367 1053 1400; x_wconf 80' lang='lat' dir='ltr'>in</span> <span class='ocrx_word' id='word_1_188' title='bbox 1082 1365 1265 1400; x_wconf 65' lang='lat' dir='ltr'>Rausnilz.</span> <span class='ocrx_word' id='word_1_189' title='bbox 1295 1365 1357 1399; x_wconf 83' lang='lat' dir='ltr'>Dt.</span> <span class='ocrx_word' id='word_1_190' title='bbox 1388 1365 1516 1400; x_wconf 74' lang='lat' dir='ltr'>Brume</span> <span class='ocrx_word' id='word_1_191' title='bbox 1544 1367 1598 1400; x_wconf 75' lang='lat' dir='ltr'>die</span> <span class='ocrx_word' id='word_1_192' title='bbox 1627 1365 1666 1401; x_wconf 88' lang='lat' dir='ltr'>S.</span> <span class='ocrx_word' id='word_1_193' title='bbox 1697 1366 1902 1400; x_wconf 73' lang='lat' dir='ltr'>Isatleerime</span> <span class='ocrx_word' id='word_1_194' title='bbox 1934 1365 2044 1399; x_wconf 84' lang='lat'><em>1331.</em></span> 
     </span>
    </p>
   </div>
   <div class='ocr_carea' id='block_1_5' title="bbox 161 1426 2048 2653">
    <p class='ocr_par' dir='ltr' id='par_1_5' title="bbox 161 1426 2048 2653">
     <span class='ocr_line' id='line_1_20' title="bbox 336 1426 2046 1499; baseline -0.001 -19"><span class='ocrx_word' id='word_1_195' title='bbox 336 1426 428 1481; x_wconf 51' lang='lat' dir='ltr'>Ros</span> <span class='ocrx_word' id='word_1_196' title='bbox 464 1445 638 1481; x_wconf 62' lang='lat' dir='ltr'>,lohannes</span> <span class='ocrx_word' id='word_1_197' title='bbox 677 1446 742 1499; x_wconf 65' lang='lat' dir='ltr'>dei.</span> <span class='ocrx_word' id='word_1_198' title='bbox 765 1448 880 1491; x_wconf 77' lang='lat' dir='ltr'>gracia</span> <span class='ocrx_word' id='word_1_199' title='bbox 924 1444 1064 1479; x_wconf 89' lang='lat' dir='ltr'>Boemie</span> <span class='ocrx_word' id='word_1_200' title='bbox 1100 1449 1133 1479; x_wconf 85' lang='lat' dir='ltr'>et</span> <span class='ocrx_word' id='word_1_201' title='bbox 1160 1444 1299 1480; x_wconf 89' lang='lat' dir='ltr'>Polonie</span> <span class='ocrx_word' id='word_1_202' title='bbox 1327 1444 1417 1489; x_wconf 64' lang='lat' dir='ltr'>Rex,</span> <span class='ocrx_word' id='word_1_203' title='bbox 1452 1444 1605 1480; x_wconf 82' lang='lat' dir='ltr'>Marchio</span> <span class='ocrx_word' id='word_1_204' title='bbox 1633 1444 1798 1489; x_wconf 79' lang='lat' dir='ltr'>Morauie.</span> <span class='ocrx_word' id='word_1_205' title='bbox 1829 1457 1868 1479; x_wconf 88' lang='lat' dir='ltr'>ac</span> <span class='ocrx_word' id='word_1_206' title='bbox 1898 1444 2046 1479; x_wconf 90' lang='lat' dir='ltr'>Lucem-</span> 
     </span>
     <span class='ocr_line' id='line_1_21' title="bbox 162 1506 2044 1554; baseline -0.001 -13"><span class='ocrx_word' id='word_1_207' title='bbox 162 1506 342 1553; x_wconf 86' lang='lat' dir='ltr'>burgensis</span> <span class='ocrx_word' id='word_1_208' title='bbox 372 1507 506 1551; x_wconf 70' lang='lat' dir='ltr'>Comes,</span> <span class='ocrx_word' id='word_1_209' title='bbox 549 1507 672 1542; x_wconf 82' lang='lat' dir='ltr'>Notum</span> <span class='ocrx_word' id='word_1_210' title='bbox 714 1506 855 1543; x_wconf 83' lang='lat' dir='ltr'>facimus</span> <span class='ocrx_word' id='word_1_211' title='bbox 896 1509 1111 1553; x_wconf 88' lang='lat' dir='ltr'>presencium</span> <span class='ocrx_word' id='word_1_212' title='bbox 1145 1506 1392 1553; x_wconf 82' lang='lat' dir='ltr'>inspectoribus</span> <span class='ocrx_word' id='word_1_213' title='bbox 1420 1510 1602 1551; x_wconf 81' lang='lat' dir='ltr'>vniuersis‚</span> <span class='ocrx_word' id='word_1_214' title='bbox 1645 1507 1733 1554; x_wconf 88' lang='lat' dir='ltr'>quod</span> <span class='ocrx_word' id='word_1_215' title='bbox 1768 1518 1829 1541; x_wconf 92' lang='lat' dir='ltr'>nos</span> <span class='ocrx_word' id='word_1_216' title='bbox 1858 1507 2044 1541; x_wconf 83' lang='lat' dir='ltr'>Ecclesiam</span> 
     </span>
     <span class='ocr_line' id='line_1_22' title="bbox 163 1568 2045 1614; baseline -0.001 -11"><span class='ocrx_word' id='word_1_217' title='bbox 163 1568 199 1603; x_wconf 91' lang='lat' dir='ltr'>S.</span> <span class='ocrx_word' id='word_1_218' title='bbox 229 1568 318 1603; x_wconf 89' lang='lat' dir='ltr'>Petri</span> <span class='ocrx_word' id='word_1_219' title='bbox 347 1571 382 1604; x_wconf 92' lang='lat' dir='ltr'>in</span> <span class='ocrx_word' id='word_1_220' title='bbox 410 1568 558 1613; x_wconf 72' lang='lat' dir='ltr'>Bromia,</span> <span class='ocrx_word' id='word_1_221' title='bbox 589 1574 621 1603; x_wconf 92' lang='lat' dir='ltr'>ut</span> <span class='ocrx_word' id='word_1_222' title='bbox 650 1571 682 1603; x_wconf 90' lang='lat' dir='ltr'>in</span> <span class='ocrx_word' id='word_1_223' title='bbox 712 1581 752 1603; x_wconf 88' lang='lat' dir='ltr'>ea</span> <span class='ocrx_word' id='word_1_224' title='bbox 782 1573 897 1603; x_wconf 86' lang='lat' dir='ltr'>nostra</span> <span class='ocrx_word' id='word_1_225' title='bbox 927 1568 1149 1602; x_wconf 87' lang='lat' dir='ltr'>sollicitudine</span> <span class='ocrx_word' id='word_1_226' title='bbox 1178 1568 1286 1603; x_wconf 89' lang='lat' dir='ltr'>cultus</span> <span class='ocrx_word' id='word_1_227' title='bbox 1315 1568 1419 1603; x_wconf 70' lang='lat' dir='ltr'>divini</span> <span class='ocrx_word' id='word_1_228' title='bbox 1447 1572 1593 1603; x_wconf 88' lang='lat' dir='ltr'>nominis</span> <span class='ocrx_word' id='word_1_229' title='bbox 1623 1573 1799 1614; x_wconf 85' lang='lat' dir='ltr'>augeatur.</span> <span class='ocrx_word' id='word_1_230' title='bbox 1822 1573 1983 1614; x_wconf 80' lang='lat' dir='ltr'>gerentes</span> <span class='ocrx_word' id='word_1_231' title='bbox 2014 1571 2045 1602; x_wconf 93' lang='lat' dir='ltr'>in</span> 
     </span>
     <span class='ocr_line' id='line_1_23' title="bbox 163 1629 2046 1675; baseline 0 -11"><span class='ocrx_word' id='word_1_232' title='bbox 163 1630 354 1665; x_wconf 90' lang='lat' dir='ltr'>visceribus</span> <span class='ocrx_word' id='word_1_233' title='bbox 384 1630 566 1665; x_wconf 85' lang='lat' dir='ltr'>charitatis.</span> <span class='ocrx_word' id='word_1_234' title='bbox 597 1635 629 1665; x_wconf 91' lang='lat' dir='ltr'>et</span> <span class='ocrx_word' id='word_1_235' title='bbox 658 1630 832 1665; x_wconf 82' lang='lat' dir='ltr'>nobiscum</span> <span class='ocrx_word' id='word_1_236' title='bbox 875 1630 1075 1672; x_wconf 73' lang='lat' dir='ltr'>diligencius</span> <span class='ocrx_word' id='word_1_237' title='bbox 1118 1635 1349 1673; x_wconf 68' lang='lat' dir='ltr'>recensentes,</span> <span class='ocrx_word' id='word_1_238' title='bbox 1387 1630 1530 1665; x_wconf 85' lang='lat' dir='ltr'>eandem</span> <span class='ocrx_word' id='word_1_239' title='bbox 1559 1630 1749 1665; x_wconf 89' lang='lat' dir='ltr'>Ecclesiam</span> <span class='ocrx_word' id='word_1_240' title='bbox 1786 1629 1948 1664; x_wconf 88' lang='lat' dir='ltr'>hactenus</span> <span class='ocrx_word' id='word_1_241' title='bbox 1977 1642 2046 1675; x_wconf 81' lang='lat' dir='ltr'>gu-</span> 
     </span>
     <span class='ocr_line' id='line_1_24' title="bbox 162 1678 2046 1739; baseline 0 -13"><span class='ocrx_word' id='word_1_242' title='bbox 162 1691 360 1727; x_wconf 86' lang='lat' dir='ltr'>bernacioni</span> <span class='ocrx_word' id='word_1_243' title='bbox 394 1695 492 1726; x_wconf 89' lang='lat' dir='ltr'>unius</span> <span class='ocrx_word' id='word_1_244' title='bbox 534 1678 670 1735; x_wconf 47' lang='lat' dir='ltr'>Prelati7⁸</span> <span class='ocrx_word' id='word_1_245' title='bbox 710 1692 874 1738; x_wconf 81' lang='lat' dir='ltr'>prepositi</span> <span class='ocrx_word' id='word_1_246' title='bbox 917 1692 1077 1726; x_wconf 72' lang='lat' dir='ltr'>videlicet</span> <span class='ocrx_word' id='word_1_247' title='bbox 1116 1691 1224 1726; x_wconf 85' lang='lat' dir='ltr'>fuisse</span> <span class='ocrx_word' id='word_1_248' title='bbox 1252 1692 1449 1729; x_wconf 73' lang='lat' dir='ltr'>subiectam.</span> <span class='ocrx_word' id='word_1_249' title='bbox 1480 1692 1689 1739; x_wconf 82' lang='lat' dir='ltr'>Reliquaque</span> <span class='ocrx_word' id='word_1_250' title='bbox 1718 1692 1861 1736; x_wconf 59' lang='lat' dir='ltr'>Prclato.</span> <span class='ocrx_word' id='word_1_251' title='bbox 1905 1692 2046 1727; x_wconf 88' lang='lat' dir='ltr'>Decano</span> 
     </span>
     <span class='ocr_line' id='line_1_25' title="bbox 162 1752 2046 1801; baseline 0 -13"><span class='ocrx_word' id='word_1_252' title='bbox 162 1753 291 1788; x_wconf 86' lang='lat' dir='ltr'>scilicet</span> <span class='ocrx_word' id='word_1_253' title='bbox 318 1756 528 1801; x_wconf 81' lang='lat' dir='ltr'>permaxime</span> <span class='ocrx_word' id='word_1_254' title='bbox 557 1753 722 1799; x_wconf 72' lang='lat' dir='ltr'>indigere.</span> <span class='ocrx_word' id='word_1_255' title='bbox 753 1764 817 1799; x_wconf 91' lang='lat' dir='ltr'>quo</span> <span class='ocrx_word' id='word_1_256' title='bbox 847 1758 1005 1800; x_wconf 80' lang='lat' dir='ltr'>presente</span> <span class='ocrx_word' id='word_1_257' title='bbox 1034 1752 1196 1788; x_wconf 89' lang='lat' dir='ltr'>Canonici</span> <span class='ocrx_word' id='word_1_258' title='bbox 1225 1757 1258 1787; x_wconf 92' lang='lat' dir='ltr'>et</span> <span class='ocrx_word' id='word_1_259' title='bbox 1286 1757 1391 1789; x_wconf 88' lang='lat' dir='ltr'>ceteri</span> <span class='ocrx_word' id='word_1_260' title='bbox 1419 1753 1563 1788; x_wconf 86' lang='lat' dir='ltr'>Ministri</span> <span class='ocrx_word' id='word_1_261' title='bbox 1592 1756 1698 1801; x_wconf 68' lang='lat' dir='ltr'>ipsius</span> <span class='ocrx_word' id='word_1_262' title='bbox 1735 1754 1891 1788; x_wconf 85' lang='lat' dir='ltr'>Ecclesic</span> <span class='ocrx_word' id='word_1_263' title='bbox 1925 1753 2046 1788; x_wconf 75' lang='lat' dir='ltr'>divinis</span> 
     </span>
     <span class='ocr_line' id='line_1_26' title="bbox 163 1814 2044 1862; baseline -0.001 -11"><span class='ocrx_word' id='word_1_264' title='bbox 163 1814 286 1861; x_wconf 85' lang='lat' dir='ltr'>officijs</span> <span class='ocrx_word' id='word_1_265' title='bbox 327 1818 499 1850; x_wconf 88' lang='lat' dir='ltr'>nocturnis</span> <span class='ocrx_word' id='word_1_266' title='bbox 533 1818 659 1862; x_wconf 86' lang='lat' dir='ltr'>pariter</span> <span class='ocrx_word' id='word_1_267' title='bbox 693 1820 723 1849; x_wconf 90' lang='lat' dir='ltr'>et</span> <span class='ocrx_word' id='word_1_268' title='bbox 759 1815 885 1850; x_wconf 88' lang='lat' dir='ltr'>diurnis</span> <span class='ocrx_word' id='word_1_269' title='bbox 922 1815 1104 1849; x_wconf 83' lang='lat' dir='ltr'>studiosius</span> <span class='ocrx_word' id='word_1_270' title='bbox 1140 1815 1292 1859; x_wconf 65' lang='lat' dir='ltr'>aderunt,</span> <span class='ocrx_word' id='word_1_271' title='bbox 1329 1819 1363 1850; x_wconf 86' lang='lat' dir='ltr'>et</span> <span class='ocrx_word' id='word_1_272' title='bbox 1405 1818 1455 1850; x_wconf 88' lang='lat' dir='ltr'>sui</span> <span class='ocrx_word' id='word_1_273' title='bbox 1500 1816 1600 1860; x_wconf 83' lang='lat' dir='ltr'>officij</span> <span class='ocrx_word' id='word_1_274' title='bbox 1645 1815 1790 1850; x_wconf 85' lang='lat' dir='ltr'>debitum</span> <span class='ocrx_word' id='word_1_275' title='bbox 1823 1820 2044 1862; x_wconf 78' lang='lat' dir='ltr'>exequantur.</span> 
     </span>
     <span class='ocr_line' id='line_1_27' title="bbox 162 1876 2048 1924; baseline 0 -12"><span class='ocrx_word' id='word_1_276' title='bbox 162 1881 343 1924; x_wconf 86' lang='lat' dir='ltr'>eapropter</span> <span class='ocrx_word' id='word_1_277' title='bbox 384 1877 675 1923; x_wconf 85' lang='lat' dir='ltr'>contemplacione</span> <span class='ocrx_word' id='word_1_278' title='bbox 712 1877 945 1911; x_wconf 85' lang='lat' dir='ltr'>retribucionis</span> <span class='ocrx_word' id='word_1_279' title='bbox 982 1877 1095 1911; x_wconf 74' lang='lat' dir='ltr'>divine</span> <span class='ocrx_word' id='word_1_280' title='bbox 1131 1876 1240 1911; x_wconf 85' lang='lat' dir='ltr'>eidem</span> <span class='ocrx_word' id='word_1_281' title='bbox 1275 1876 1430 1912; x_wconf 88' lang='lat' dir='ltr'>Ecclesie</span> <span class='ocrx_word' id='word_1_282' title='bbox 1465 1877 1507 1913; x_wconf 85' lang='lat' dir='ltr'>de</span> <span class='ocrx_word' id='word_1_283' title='bbox 1544 1877 1702 1921; x_wconf 65' lang='lat' dir='ltr'>Decimo,</span> <span class='ocrx_word' id='word_1_284' title='bbox 1747 1890 1787 1912; x_wconf 90' lang='lat' dir='ltr'>ac</span> <span class='ocrx_word' id='word_1_285' title='bbox 1829 1877 1870 1912; x_wconf 90' lang='lat' dir='ltr'>de</span> <span class='ocrx_word' id='word_1_286' title='bbox 1904 1888 2048 1924; x_wconf 85' lang='lat' dir='ltr'>corpore</span> 
     </span>
     <span class='ocr_line' id='line_1_28' title="bbox 162 1938 2047 1985; baseline 0 -11"><span class='ocrx_word' id='word_1_287' title='bbox 162 1938 358 1974; x_wconf 85' lang='lat' dir='ltr'>Deeanatus</span> <span class='ocrx_word' id='word_1_288' title='bbox 392 1939 572 1985; x_wconf 89' lang='lat' dir='ltr'>prouidere</span> <span class='ocrx_word' id='word_1_289' title='bbox 605 1939 772 1981; x_wconf 74' lang='lat' dir='ltr'>volentes.</span> <span class='ocrx_word' id='word_1_290' title='bbox 816 1941 878 1985; x_wconf 89' lang='lat' dir='ltr'>ipsi</span> <span class='ocrx_word' id='word_1_291' title='bbox 920 1938 1075 1973; x_wconf 86' lang='lat' dir='ltr'>Ecclesie</span> <span class='ocrx_word' id='word_1_292' title='bbox 1110 1943 1143 1973; x_wconf 86' lang='lat' dir='ltr'>et</span> <span class='ocrx_word' id='word_1_293' title='bbox 1178 1939 1358 1974; x_wconf 74' lang='lat' dir='ltr'>Canonicis</span> <span class='ocrx_word' id='word_1_294' title='bbox 1395 1941 1500 1985; x_wconf 87' lang='lat' dir='ltr'>ipsius</span> <span class='ocrx_word' id='word_1_295' title='bbox 1529 1950 1587 1974; x_wconf 91' lang='lat' dir='ltr'>seu</span> <span class='ocrx_word' id='word_1_296' title='bbox 1624 1939 1777 1984; x_wconf 85' lang='lat' dir='ltr'>Collegio</span> <span class='ocrx_word' id='word_1_297' title='bbox 1805 1939 1988 1974; x_wconf 87' lang='lat' dir='ltr'>liberaliter</span> <span class='ocrx_word' id='word_1_298' title='bbox 2015 1944 2047 1974; x_wconf 86' lang='lat' dir='ltr'>et</span> 
     </span>
     <span class='ocr_line' id='line_1_29' title="bbox 163 2000 2047 2047; baseline 0 -12"><span class='ocrx_word' id='word_1_299' title='bbox 163 2000 305 2036; x_wconf 82' lang='lat' dir='ltr'>libenter</span> <span class='ocrx_word' id='word_1_300' title='bbox 341 2000 472 2044; x_wconf 74' lang='lat' dir='ltr'>damus.</span> <span class='ocrx_word' id='word_1_301' title='bbox 508 2001 672 2035; x_wconf 86' lang='lat' dir='ltr'>donamus</span> <span class='ocrx_word' id='word_1_302' title='bbox 702 2005 735 2035; x_wconf 88' lang='lat' dir='ltr'>et</span> <span class='ocrx_word' id='word_1_303' title='bbox 763 2000 981 2043; x_wconf 67' lang='lat' dir='ltr'>conserimus,</span> <span class='ocrx_word' id='word_1_304' title='bbox 1025 2012 1065 2034; x_wconf 87' lang='lat' dir='ltr'>ac</span> <span class='ocrx_word' id='word_1_305' title='bbox 1094 2003 1125 2034; x_wconf 89' lang='lat' dir='ltr'>in</span> <span class='ocrx_word' id='word_1_306' title='bbox 1154 2012 1215 2035; x_wconf 84' lang='lat' dir='ltr'>eos</span> <span class='ocrx_word' id='word_1_307' title='bbox 1245 2000 1507 2035; x_wconf 80' lang='lat' dir='ltr'>transfundimus</span> <span class='ocrx_word' id='word_1_308' title='bbox 1541 2000 1603 2035; x_wconf 84' lang='lat' dir='ltr'>Jus</span> <span class='ocrx_word' id='word_1_309' title='bbox 1633 2000 1847 2036; x_wconf 78' lang='lat' dir='ltr'>conferrendi</span> <span class='ocrx_word' id='word_1_310' title='bbox 1875 2013 1935 2036; x_wconf 89' lang='lat' dir='ltr'>seu</span> <span class='ocrx_word' id='word_1_311' title='bbox 1965 2012 2047 2047; x_wconf 89' lang='lat' dir='ltr'>pre-</span> 
     </span>
     <span class='ocr_line' id='line_1_30' title="bbox 162 2061 2046 2109; baseline -0.001 -12"><span class='ocrx_word' id='word_1_312' title='bbox 162 2062 316 2097; x_wconf 82' lang='lat' dir='ltr'>sentandi</span> <span class='ocrx_word' id='word_1_313' title='bbox 345 2062 386 2097; x_wconf 90' lang='lat' dir='ltr'>ad</span> <span class='ocrx_word' id='word_1_314' title='bbox 414 2062 637 2105; x_wconf 76' lang='lat' dir='ltr'>Prehendain,</span> <span class='ocrx_word' id='word_1_315' title='bbox 681 2074 740 2097; x_wconf 86' lang='lat' dir='ltr'>seu</span> <span class='ocrx_word' id='word_1_316' title='bbox 771 2065 803 2096; x_wconf 94' lang='lat' dir='ltr'>in</span> <span class='ocrx_word' id='word_1_317' title='bbox 834 2065 905 2109; x_wconf 90' lang='lat' dir='ltr'>ipsa</span> <span class='ocrx_word' id='word_1_318' title='bbox 936 2062 1058 2096; x_wconf 89' lang='lat' dir='ltr'>dudum</span> <span class='ocrx_word' id='word_1_319' title='bbox 1088 2061 1128 2097; x_wconf 86' lang='lat' dir='ltr'>dc</span> <span class='ocrx_word' id='word_1_320' title='bbox 1157 2067 1249 2096; x_wconf 80' lang='lat' dir='ltr'>certa</span> <span class='ocrx_word' id='word_1_321' title='bbox 1278 2067 1311 2097; x_wconf 91' lang='lat' dir='ltr'>et</span> <span class='ocrx_word' id='word_1_322' title='bbox 1339 2062 1475 2097; x_wconf 88' lang='lat' dir='ltr'>limitata</span> <span class='ocrx_word' id='word_1_323' title='bbox 1505 2066 1666 2109; x_wconf 89' lang='lat' dir='ltr'>porcione</span> <span class='ocrx_word' id='word_1_324' title='bbox 1699 2062 1863 2098; x_wconf 87' lang='lat' dir='ltr'>redituum</span> <span class='ocrx_word' id='word_1_325' title='bbox 1892 2062 2046 2097; x_wconf 86' lang='lat' dir='ltr'>Ecclesie</span> 
     </span>
     <span class='ocr_line' id='line_1_31' title="bbox 163 2123 2045 2171; baseline -0.001 -12"><span class='ocrx_word' id='word_1_326' title='bbox 163 2127 196 2159; x_wconf 92' lang='lat' dir='ltr'>in</span> <span class='ocrx_word' id='word_1_327' title='bbox 226 2124 377 2160; x_wconf 86' lang='lat' dir='ltr'>Rausniz</span> <span class='ocrx_word' id='word_1_328' title='bbox 405 2129 531 2168; x_wconf 70' lang='lat' dir='ltr'>creata.</span> <span class='ocrx_word' id='word_1_329' title='bbox 563 2128 594 2159; x_wconf 90' lang='lat' dir='ltr'>in</span> <span class='ocrx_word' id='word_1_330' title='bbox 625 2124 711 2158; x_wconf 85' lang='lat' dir='ltr'>dicta</span> <span class='ocrx_word' id='word_1_331' title='bbox 742 2124 895 2158; x_wconf 83' lang='lat' dir='ltr'>Ecclesia</span> <span class='ocrx_word' id='word_1_332' title='bbox 926 2124 962 2158; x_wconf 89' lang='lat' dir='ltr'>S.</span> <span class='ocrx_word' id='word_1_333' title='bbox 993 2123 1092 2158; x_wconf 85' lang='lat' dir='ltr'>Petri.</span> <span class='ocrx_word' id='word_1_334' title='bbox 1124 2123 1221 2158; x_wconf 87' lang='lat' dir='ltr'>nobis</span> <span class='ocrx_word' id='word_1_335' title='bbox 1250 2129 1435 2171; x_wconf 87' lang='lat' dir='ltr'>conpetens</span> <span class='ocrx_word' id='word_1_336' title='bbox 1465 2129 1581 2159; x_wconf 89' lang='lat' dir='ltr'>tenore</span> <span class='ocrx_word' id='word_1_337' title='bbox 1616 2127 1831 2171; x_wconf 84' lang='lat' dir='ltr'>presencium</span> <span class='ocrx_word' id='word_1_338' title='bbox 1864 2125 2045 2167; x_wconf 68' lang='lat' dir='ltr'>literarum,</span> 
     </span>
     <span class='ocr_line' id='line_1_32' title="bbox 162 2185 2047 2233; baseline -0.001 -12"><span class='ocrx_word' id='word_1_339' title='bbox 162 2191 198 2221; x_wconf 83' lang='lat' dir='ltr'>ut</span> <span class='ocrx_word' id='word_1_340' title='bbox 232 2189 297 2233; x_wconf 91' lang='lat' dir='ltr'>ipsi</span> <span class='ocrx_word' id='word_1_341' title='bbox 334 2186 497 2221; x_wconf 81' lang='lat' dir='ltr'>Canonici</span> <span class='ocrx_word' id='word_1_342' title='bbox 539 2186 656 2221; x_wconf 85' lang='lat' dir='ltr'>eadem</span> <span class='ocrx_word' id='word_1_343' title='bbox 695 2185 868 2220; x_wconf 86' lang='lat' dir='ltr'>Prebenda</span> <span class='ocrx_word' id='word_1_344' title='bbox 899 2191 1045 2220; x_wconf 87' lang='lat' dir='ltr'>vacante</span> <span class='ocrx_word' id='word_1_345' title='bbox 1075 2186 1115 2220; x_wconf 90' lang='lat' dir='ltr'>ad</span> <span class='ocrx_word' id='word_1_346' title='bbox 1144 2186 1285 2220; x_wconf 80' lang='lat' dir='ltr'>eandem</span> <span class='ocrx_word' id='word_1_347' title='bbox 1316 2186 1460 2231; x_wconf 86' lang='lat' dir='ltr'>aliquem</span> <span class='ocrx_word' id='word_1_348' title='bbox 1496 2189 1604 2221; x_wconf 86' lang='lat' dir='ltr'>viruin</span> <span class='ocrx_word' id='word_1_349' title='bbox 1630 2186 1792 2231; x_wconf 85' lang='lat' dir='ltr'>jdoneuin</span> <span class='ocrx_word' id='word_1_350' title='bbox 1822 2187 1950 2231; x_wconf 83' lang='lat' dir='ltr'>eligere</span> <span class='ocrx_word' id='word_1_351' title='bbox 1978 2197 2047 2220; x_wconf 77' lang='lat' dir='ltr'>va-</span> 
     </span>
     <span class='ocr_line' id='line_1_33' title="bbox 161 2247 2045 2295; baseline -0.001 -12"><span class='ocrx_word' id='word_1_352' title='bbox 161 2248 252 2283; x_wconf 85' lang='lat' dir='ltr'>leant</span> <span class='ocrx_word' id='word_1_353' title='bbox 292 2251 326 2283; x_wconf 92' lang='lat' dir='ltr'>in</span> <span class='ocrx_word' id='word_1_354' title='bbox 361 2248 537 2283; x_wconf 88' lang='lat' dir='ltr'>Decanum</span> <span class='ocrx_word' id='word_1_355' title='bbox 579 2248 734 2283; x_wconf 83' lang='lat' dir='ltr'>Ecclesie</span> <span class='ocrx_word' id='word_1_356' title='bbox 770 2252 974 2291; x_wconf 69' lang='lat' dir='ltr'>memorate,</span> <span class='ocrx_word' id='word_1_357' title='bbox 1018 2247 1293 2282; x_wconf 86' lang='lat' dir='ltr'>Renuncciantes</span> <span class='ocrx_word' id='word_1_358' title='bbox 1335 2259 1396 2295; x_wconf 93' lang='lat' dir='ltr'>pro</span> <span class='ocrx_word' id='word_1_359' title='bbox 1435 2248 1532 2283; x_wconf 87' lang='lat' dir='ltr'>nobis</span> <span class='ocrx_word' id='word_1_360' title='bbox 1568 2251 1758 2295; x_wconf 85' lang='lat' dir='ltr'>nostrisque</span> <span class='ocrx_word' id='word_1_361' title='bbox 1797 2247 1976 2282; x_wconf 84' lang='lat' dir='ltr'>heredibus</span> <span class='ocrx_word' id='word_1_362' title='bbox 2014 2252 2045 2282; x_wconf 85' lang='lat' dir='ltr'>et</span> 
     </span>
     <span class='ocr_line' id='line_1_34' title="bbox 162 2308 2045 2356; baseline -0.002 -11"><span class='ocrx_word' id='word_1_363' title='bbox 162 2309 419 2345; x_wconf 88' lang='lat' dir='ltr'>successoribus</span> <span class='ocrx_word' id='word_1_364' title='bbox 454 2312 624 2344; x_wconf 90' lang='lat' dir='ltr'>uniuersis</span> <span class='ocrx_word' id='word_1_365' title='bbox 659 2308 912 2344; x_wconf 81' lang='lat' dir='ltr'>Marcbionibus</span> <span class='ocrx_word' id='word_1_366' title='bbox 954 2308 1110 2343; x_wconf 86' lang='lat' dir='ltr'>Morauie</span> <span class='ocrx_word' id='word_1_367' title='bbox 1145 2312 1234 2343; x_wconf 91' lang='lat' dir='ltr'>omni</span> <span class='ocrx_word' id='word_1_368' title='bbox 1277 2309 1365 2353; x_wconf 68' lang='lat' dir='ltr'>Jurt,</span> <span class='ocrx_word' id='word_1_369' title='bbox 1404 2309 1490 2356; x_wconf 85' lang='lat' dir='ltr'>quod</span> <span class='ocrx_word' id='word_1_370' title='bbox 1526 2310 1623 2345; x_wconf 92' lang='lat' dir='ltr'>nobis</span> <span class='ocrx_word' id='word_1_371' title='bbox 1666 2313 1697 2344; x_wconf 92' lang='lat' dir='ltr'>in</span> <span class='ocrx_word' id='word_1_372' title='bbox 1731 2310 1917 2344; x_wconf 88' lang='lat' dir='ltr'>collacione</span> <span class='ocrx_word' id='word_1_373' title='bbox 1959 2309 2045 2343; x_wconf 86' lang='lat' dir='ltr'>dicte</span> 
     </span>
     <span class='ocr_line' id='line_1_35' title="bbox 161 2370 2045 2419; baseline -0.001 -13"><span class='ocrx_word' id='word_1_374' title='bbox 161 2371 334 2406; x_wconf 87' lang='lat' dir='ltr'>Prehende</span> <span class='ocrx_word' id='word_1_375' title='bbox 368 2382 429 2405; x_wconf 90' lang='lat' dir='ltr'>seu</span> <span class='ocrx_word' id='word_1_376' title='bbox 465 2374 724 2417; x_wconf 87' lang='lat' dir='ltr'>presentacione</span> <span class='ocrx_word' id='word_1_377' title='bbox 766 2371 806 2405; x_wconf 86' lang='lat' dir='ltr'>ad</span> <span class='ocrx_word' id='word_1_378' title='bbox 843 2371 986 2405; x_wconf 84' lang='lat' dir='ltr'>eandem</span> <span class='ocrx_word' id='word_1_379' title='bbox 1016 2370 1265 2417; x_wconf 72' lang='lat' dir='ltr'>quomodolibet</span> <span class='ocrx_word' id='word_1_380' title='bbox 1294 2372 1516 2419; x_wconf 87' lang='lat' dir='ltr'>competebat.</span> <span class='ocrx_word' id='word_1_381' title='bbox 1561 2372 1754 2407; x_wconf 81' lang='lat' dir='ltr'>Presentein</span> <span class='ocrx_word' id='word_1_382' title='bbox 1789 2375 1899 2405; x_wconf 87' lang='lat' dir='ltr'>autem</span> <span class='ocrx_word' id='word_1_383' title='bbox 1934 2371 2045 2404; x_wconf 90' lang='lat' dir='ltr'>dona-</span> 
     </span>
     <span class='ocr_line' id='line_1_36' title="bbox 161 2432 2044 2484; baseline -0.001 -17"><span class='ocrx_word' id='word_1_384' title='bbox 161 2435 292 2467; x_wconf 89' lang='lat' dir='ltr'>cionem</span> <span class='ocrx_word' id='word_1_385' title='bbox 336 2437 496 2484; x_wconf 45' lang='lat' dir='ltr'>nostran}</span> <span class='ocrx_word' id='word_1_386' title='bbox 522 2444 540 2466; x_wconf 91' lang='lat' dir='ltr'>a</span> <span class='ocrx_word' id='word_1_387' title='bbox 570 2436 704 2468; x_wconf 91' lang='lat' dir='ltr'>nemine</span> <span class='ocrx_word' id='word_1_388' title='bbox 746 2433 901 2467; x_wconf 74' lang='lat' dir='ltr'>volumus</span> <span class='ocrx_word' id='word_1_389' title='bbox 939 2432 1029 2467; x_wconf 88' lang='lat' dir='ltr'>nullo</span> <span class='ocrx_word' id='word_1_390' title='bbox 1071 2443 1228 2478; x_wconf 88' lang='lat' dir='ltr'>umquam</span> <span class='ocrx_word' id='word_1_391' title='bbox 1265 2437 1415 2480; x_wconf 88' lang='lat' dir='ltr'>tempore</span> <span class='ocrx_word' id='word_1_392' title='bbox 1457 2433 1703 2480; x_wconf 83' lang='lat' dir='ltr'>quomodolibet</span> <span class='ocrx_word' id='word_1_393' title='bbox 1746 2432 1898 2479; x_wconf 90' lang='lat' dir='ltr'>inpediri.</span> <span class='ocrx_word' id='word_1_394' title='bbox 1942 2432 1997 2466; x_wconf 73' lang='lat' dir='ltr'>vel</span> <span class='ocrx_word' id='word_1_395' title='bbox 2026 2445 2044 2465; x_wconf 83' lang='lat' dir='ltr'>a</span> 
     </span>
     <span class='ocr_line' id='line_1_37' title="bbox 161 2493 2044 2541; baseline -0.001 -12"><span class='ocrx_word' id='word_1_396' title='bbox 161 2505 373 2540; x_wconf 87' lang='lat' dir='ltr'>quocumque</span> <span class='ocrx_word' id='word_1_397' title='bbox 409 2499 525 2528; x_wconf 91' lang='lat' dir='ltr'>contra</span> <span class='ocrx_word' id='word_1_398' title='bbox 563 2498 668 2541; x_wconf 86' lang='lat' dir='ltr'>ipsam</span> <span class='ocrx_word' id='word_1_399' title='bbox 705 2495 828 2541; x_wconf 84' lang='lat' dir='ltr'>aliquid</span> <span class='ocrx_word' id='word_1_400' title='bbox 865 2497 1030 2529; x_wconf 85' lang='lat' dir='ltr'>attentari.</span> <span class='ocrx_word' id='word_1_401' title='bbox 1075 2494 1111 2529; x_wconf 89' lang='lat' dir='ltr'>In</span> <span class='ocrx_word' id='word_1_402' title='bbox 1141 2497 1236 2529; x_wconf 91' lang='lat' dir='ltr'>cuius</span> <span class='ocrx_word' id='word_1_403' title='bbox 1265 2498 1313 2530; x_wconf 90' lang='lat' dir='ltr'>rei</span> <span class='ocrx_word' id='word_1_404' title='bbox 1342 2498 1565 2530; x_wconf 84' lang='lat' dir='ltr'>testiinonium</span> <span class='ocrx_word' id='word_1_405' title='bbox 1594 2499 1772 2541; x_wconf 72' lang='lat' dir='ltr'>presentes</span> <span class='ocrx_word' id='word_1_406' title='bbox 1801 2494 1915 2528; x_wconf 79' lang='lat' dir='ltr'>literas</span> <span class='ocrx_word' id='word_1_407' title='bbox 1944 2493 2044 2528; x_wconf 89' lang='lat' dir='ltr'>scribi</span> 
     </span>
     <span class='ocr_line' id='line_1_38' title="bbox 161 2554 2043 2601; baseline -0.001 -11"><span class='ocrx_word' id='word_1_408' title='bbox 161 2560 193 2590; x_wconf 90' lang='lat' dir='ltr'>et</span> <span class='ocrx_word' id='word_1_409' title='bbox 222 2560 338 2590; x_wconf 85' lang='lat' dir='ltr'>nostro</span> <span class='ocrx_word' id='word_1_410' title='bbox 368 2559 486 2590; x_wconf 89' lang='lat' dir='ltr'>maiori</span> <span class='ocrx_word' id='word_1_411' title='bbox 515 2556 634 2601; x_wconf 87' lang='lat' dir='ltr'>Sigillo</span> <span class='ocrx_word' id='word_1_412' title='bbox 665 2560 824 2591; x_wconf 87' lang='lat' dir='ltr'>iussimus</span> <span class='ocrx_word' id='word_1_413' title='bbox 853 2558 1061 2591; x_wconf 87' lang='lat' dir='ltr'>communiri.</span> <span class='ocrx_word' id='word_1_414' title='bbox 1104 2555 1226 2590; x_wconf 89' lang='lat' dir='ltr'>Datum</span> <span class='ocrx_word' id='word_1_415' title='bbox 1269 2556 1383 2592; x_wconf 88' lang='lat' dir='ltr'>Brune</span> <span class='ocrx_word' id='word_1_416' title='bbox 1417 2558 1520 2592; x_wconf 77' lang='lat' dir='ltr'>Anno</span> <span class='ocrx_word' id='word_1_417' title='bbox 1548 2557 1681 2591; x_wconf 89' lang='lat' dir='ltr'>Domini</span> <span class='ocrx_word' id='word_1_418' title='bbox 1714 2554 2043 2590; x_wconf 68' lang='lat' dir='ltr'>M⁰.CCC⁰.XXX1⁰.</span> 
     </span>
     <span class='ocr_line' id='line_1_39' title="bbox 161 2617 748 2653; baseline 0.003 -2"><span class='ocrx_word' id='word_1_419' title='bbox 161 2617 203 2651; x_wconf 73' lang='lat' dir='ltr'>V*</span> <span class='ocrx_word' id='word_1_420' title='bbox 232 2617 315 2652; x_wconf 84' lang='lat' dir='ltr'>feria</span> <span class='ocrx_word' id='word_1_421' title='bbox 346 2621 377 2652; x_wconf 89' lang='lat' dir='ltr'>in</span> <span class='ocrx_word' id='word_1_422' title='bbox 407 2618 460 2652; x_wconf 89' lang='lat' dir='ltr'>dic</span> <span class='ocrx_word' id='word_1_423' title='bbox 490 2617 525 2652; x_wconf 90' lang='lat' dir='ltr'>S.</span> <span class='ocrx_word' id='word_1_424' title='bbox 557 2617 748 2653; x_wconf 81' lang='lat' dir='ltr'>Callicrine.</span> 
     </span>
    </p>
   </div>
   <div class='ocr_carea' id='block_1_6' title="bbox 476 2687 2071 2724">
    <p class='ocr_par' dir='ltr' id='par_1_6' title="bbox 476 2687 2071 2724">
     <span class='ocr_line' id='line_1_40' title="bbox 476 2687 2071 2724; baseline -0.001 -7"><span class='ocrx_word' id='word_1_425' title='bbox 476 2689 574 2724; x_wconf 68' lang='lat' dir='ltr'>‹Copia</span> <span class='ocrx_word' id='word_1_426' title='bbox 607 2689 720 2724; x_wconf 81' lang='lat' dir='ltr'>simplex</span> <span class='ocrx_word' id='word_1_427' title='bbox 755 2690 825 2717; x_wconf 78' lang='lat' dir='ltr'>inter</span> <span class='ocrx_word' id='word_1_428' title='bbox 857 2691 978 2717; x_wconf 74' lang='lat' dir='ltr'>analecta</span> <span class='ocrx_word' id='word_1_429' title='bbox 1005 2690 1067 2717; x_wconf 73' lang='lat' dir='ltr'>Ant.</span> <span class='ocrx_word' id='word_1_430' title='bbox 1092 2690 1198 2716; x_wconf 78' lang='lat' dir='ltr'>Boczek</span> <span class='ocrx_word' id='word_1_431' title='bbox 1222 2689 1248 2716; x_wconf 92' lang='lat' dir='ltr'>in</span> <span class='ocrx_word' id='word_1_432' title='bbox 1273 2690 1384 2722; x_wconf 67' lang='lat' dir='ltr'>archivo</span> <span class='ocrx_word' id='word_1_433' title='bbox 1409 2690 1608 2717; x_wconf 70' lang='lat' dir='ltr'>marchionatus</span> <span class='ocrx_word' id='word_1_434' title='bbox 1641 2689 1765 2715; x_wconf 62' lang='lat' dir='ltr'>Mon-avim</span> <span class='ocrx_word' id='word_1_435' title='bbox 1790 2689 1839 2715; x_wconf 89' lang='lat' dir='ltr'>sub</span> <span class='ocrx_word' id='word_1_436' title='bbox 1864 2689 1908 2715; x_wconf 71' lang='grc' dir='ltr'>Μ.</span> <span class='ocrx_word' id='word_1_437' title='bbox 1936 2687 2043 2719; x_wconf 65' lang='grc' dir='ltr'>2Η7ῖ),.</span> <span class='ocrx_word' id='word_1_438' title='bbox 2065 2705 2071 2708; x_wconf 92' lang='grc'>-</span> 
     </span>
    </p>
   </div>
   <div class='ocr_carea' id='block_1_7' title="bbox 1774 2739 1833 2769">
    <p class='ocr_par' dir='ltr' id='par_1_7' title="bbox 1774 2739 1833 2769">
     <span class='ocr_line' id='line_1_41' title="bbox 1774 2739 1833 2769; baseline -0.017 0"><span class='ocrx_word' id='word_1_439' title='bbox 1774 2739 1833 2769; x_wconf 71' lang='lat'>42⁸</span> 
     </span>
    </p>
   </div>
  </div>
 </body>
</html>
