2341 3005
1091 144 1165 179 385

191 262 317 301 nostro,
349 257 436 304 quod
465 258 531 293 dux
562 259 719 293 Austriae
748 270 866 293 omnes
895 260 1019 303 literas,
1050 271 1132 305 quas
1162 259 1272 303 habet,
1302 263 1421 295 uirtute
1450 272 1589 306 quarum
1618 262 1750 307 aliquod
1779 265 1831 297 ius
1859 262 1920 298 sibi
1949 268 2062 310 posset

189 318 362 353 uindicare
397 322 430 353 in
462 331 570 365 regno
605 320 766 355 Boemiae
800 321 852 354 1161
885 324 956 355 61115
992 321 1201 367 appenditiis.
1245 326 1300 356 aut
1338 325 1369 356 in
1406 322 1571 357 nobilibus
1607 323 1738 358 civibus
1773 328 1805 358 61
1832 324 1949 358 11160115
1987 325 2060 359 dicti

189 383 286 425 regni
314 383 476 425 restituet.
506 392 589 427 quas
617 384 717 416 etiam
747 384 885 416 vivente
915 382 1048 417 domino
1078 383 1224 417 Henrico
1253 383 1481 418 Romanorum
1512 387 1713 431 imperatore
1742 385 1850 420 bonae
1879 389 2062 421 memoriae

188 440 330 476 reddere
358 445 520 488 promisit.
563 442 645 477 Item
675 445 894 489 promittimus
923 455 1105 490 procurare
1134 449 1166 479 et
1194 444 1331 479 eflicere
1359 456 1418 491 pro
1448 457 1549 491 posse
1578 450 1704 489 nostro,
1740 447 1825 492 quod
1854 447 2061 494 RudolphuS.

188 502 257 537 dux
299 502 466 537 Bauariae
507 515 690 549 germanus
732 509 846 539 noster
874 516 991 539 omnes
1020 505 1132 540 literas
1162 505 1402 551 obligationum
1431 511 1464 540 et
1493 510 1762 552 promissionum.
1793 519 1875 554 quas
1904 508 2003 543 habet
2031 514 2062 543 61

188 563 304 598 habuit
331 564 372 599 ab
401 564 520 599 eodem
554 577 638 611 rege
666 570 698 600 et
729 565 914 600 venerabili
956 566 1165 610 Baldewino.
1203 567 1408 602 Treverensi
1450 567 1718 614 archiepiscopo,
1761 572 1911 616 principe
1946 575 2061 604 nostro

188 625 319 669 (1116610,
351 626 469 671 sigillis
498 638 614 661 eorum
643 627 803 671 sigillatas
832 630 1017 662 occasione
1046 631 1264 674 promotionis
1293 628 1470 663 faciendae
1499 629 1540 663 de
1568 630 1686 664 eodem
1722 642 1804 675 rege
1839 630 1999 665 Boemiae
2028 634 2059 665 in

187 698 305 732 regem
340 687 570 722 Romanorum
613 700 673 734 per
706 691 813 734 ipsum
844 689 961 723 (11166111
991 687 1154 723 restituet.
1196 689 1276 724 ltem
1305 702 1379 724 cum
1409 690 1477 724 dux
1510 691 1668 725 Austriae
1704 696 1815 726 teneat
1847 695 1880 726 in
1908 691 2060 726 Morauia

187 748 348 794 quasdam
383 753 490 784 terras
526 749 681 784 videlicet
716 749 878 784 Znomam
920 755 1064 785 castrum
1099 755 1131 785 61
1165 751 1321 798 oppidum
1357 756 1387 786 61
1422 752 1575 786 Boarlicz
1618 752 1790 798 oppidum,
1834 765 1907 787 cuin
1944 765 2060 788 corum

187 813 396 856 pertinentiis
424 822 484 857 pro
513 815 604 845 certa
634 815 798 857 pecuniae
829 823 957 846 summa
987 811 1153 858 obligatas
1182 817 1215 847 61
1244 813 1408 858 quaedam
1437 824 1514 859 pars
1543 814 1651 848 dictae
1679 817 1843 860 pecuniae
1871 817 1911 849 sit
1940 815 2058 851 soluta.

185 874 406 918 promittimus
447 871 569 906 dictum
605 872 723 907 ducem
753 873 793 907 ad
823 872 887 908 hoc
915 873 1085 909 inducere.
1116 878 1149 908 111
1178 874 1284 908 dictas
1321 879 1428 908 terras
1457 879 1600 908 castrum
1631 879 1661 909 et
1690 875 1811 921 oppida
1839 887 1914 909 cum
1943 887 2059 910 corum

186 935 355 967 universis
397 936 578 968 attinentiis
613 934 721 968 eidem
750 937 825 979 regi
854 937 1015 970 restituet.
1059 935 1225 969 mediante
1254 947 1381 969 summa
1411 939 1587 982 pecuniae,
1618 941 1651 970 111
1679 941 1821 971 161161111.
1865 937 1945 971 Item
1975 949 2059 984 pro-

186 997 353 1038 1111111111115,
397 995 485 1040 quod
521 1007 668 1030 summas
696 999 913 1041 pecuniarum
943 1000 1125 1043 promissas
1155 1002 1187 1031 61
1215 996 1322 1031 adhuc
1351 997 1532 1031 solvendas
1562 997 1726 1032 nobilibus
1760 1001 1842 1033 viris
1872 998 1950 1033 Ger.
1994 1010 2059 1033 co-

186 1059 254 1090 miti
281 1055 478 1099 Jutiacensi‚
520 1057 644 1091 Adolfo
674 1059 784 1091 comiti
815 1057 855 1092 dc
884 1063 995 1092 monte
1024 1063 1057 1092 61
1086 1058 1196 1092 Ottoni
1226 1058 1266 1093 de
1296 1058 1369 1093 Kuk
1399 1070 1416 1092 a
1447 1059 1533 1093 dicto
1564 1070 1646 1104 rege
1682 1059 1842 1094 Boemiae
1876 1063 2059 1095 occasione

185 1129 267 1152 suae
295 1121 527 1167 promotionis'
542 1121 574 1152 in
604 1130 721 1164 regem
752 1119 978 1153 Romanorum
1009 1119 1134 1153 eisdem
1164 1120 1396 1166 persolvemus
1426 1123 1518 1154 iuxta
1548 1132 1683 1155 suarum
1712 1124 1950 1155 continentiam
1979 1121 2059 1156 lite-

186 1190 298 1214 rarum
327 1190 345 1213 a
375 1179 462 1216 dicto
504 1191 588 1225 rege
620 1179 781 1214 Boemiae
825 1183 904 1227 ipsis
943 1192 1180 1215 concessarum
1210 1186 1241 1215 et
1276 1181 1384 1216 eidem
1427 1182 1532 1216 dictas
1576 1182 1688 1216 literas
1728 1194 1807 1217 suas
1841 1182 2057 1228 obligatorias

184 1252 286 1288 super
328 1241 424 1276 dictis
460 1245 679 1288 pecuniarum
709 1245 846 1277 summis
876 1242 970 1276 datas
998 1242 1113 1276 literas
1141 1245 1268 1277 restitui
1298 1242 1550 1289 procurabimus
1580 1248 1611 1277 61
1639 1243 1814 1278 faciemus.
1857 1243 1940 1278 Item
1968 1244 2058 1278 obli-

183 1314 304 1348 gamus
340 1303 401 1338 sibi
430 1314 491 1350 pro
520 1303 636 1338 decem
667 1303 808 1338 millibus
841 1315 1028 1338 marcarum
1058 1307 1188 1349 argenti
1219 1309 1338 1339 terram
1376 1304 1564 1350 Egi-ensem
1594 1309 1625 1339 et
1654 1309 1765 1339 eastra
1797 1305 1878 1340 Vlos
1907 1310 1939 1340 et
1968 1305 2058 1340 Bar-

186 1364 339 1400 kenstein
370 1376 445 1399 cum
473 1365 627 1399 omnibus
657 1365 827 1411 regalibus
857 1365 1009 1399 dominiis
1039 1377 1131 1399 incro
1160 1370 1193 1399 61
1220 1368 1323 1400 mixto
1353 1368 1504 1412 imperio,
1534 1366 1708 1409 fructibus,
1730 1366 1901 1409 reditibus„
1932 1367 2058 1401 iuribus

184 1431 217 1461 et
245 1426 318 1461 aliis
353 1427 605 1473 quibuscunque
650 1429 858 1473 pertinentiis
901 1438 960 1472 pro
1003 1429 1162 1473 expensis
1200 1426 1296 1461 sactis
1337 1439 1397 1473 per
1439 1427 1579 1461 cundem
1615 1431 1796 1467 occasione
1838 1431 2057 1474 promotionis

184 1492 321 1522 nostrae
350 1491 383 1522 in
410 1488 659 1527 Romanorum,
682 1480 811 1533 regem,
855 1499 1029 1533 quousque
1071 1488 1131 1522 sibi
1174 1493 1229 1522 aut
1263 1491 1332 1522 suis
1369 1488 1547 1523 heredibus
1578 1488 1618 1523 de
1647 1488 1733 1523 dicta
1767 1501 1896 1524 summa
1925 1493 2056 1535 integre

183 1549 284 1584 suerit
325 1549 532 1584 satisfactum
567 1550 791 1596 percipiendis
827 1549 889 1584 sibi
925 1554 955 1584 61
994 1549 1172 1583 heredibus
1216 1553 1285 1584 suis
1324 1552 1355 1584 in
1391 1555 1517 1584 sortem
1556 1553 1690 1584 minime
1730 1551 1974 1597 computandis.
2021 1551 2055 1585 ln

183 1622 322 1657 quorum
352 1614 499 1646 omnium
527 1614 753 1646 testimonium
782 1611 842 1645 has
870 1612 981 1645 literas
1011 1611 1120 1653 sig-tito
1150 1614 1332 1646 maiestatis
1361 1616 1498 1646 nostrae
1527 1615 1643 1655 regiae
1666 1614 1822 1646 iussimus
1843 1615 2052 1646 communiri.

183 1672 305 1707 Datum
335 1672 496 1708 Coloniae
524 1673 552 1707 ll
583 1685 691 1707 nonas
721 1672 918 1707 Decembris
948 1684 1036 1706 anno
1066 1672 1188 1707 domini
1213 1673 1386 1707 millesimo
1410 1676 1645 1708 trecentesimo
1667 1673 1931 1718 quartodecimo,
1958 1677 2053 1719 regni

184 1745 266 1768 vero
296 1737 399 1769 nostri
428 1746 516 1769 anno
545 1737 662 1781 primo.

497 1823 532 1852 (E
557 1823 633 1850 litera
666 1823 799 1853 recognit.
834 1823 963 1849 Batduini.
997 1823 1195 1858 archiepiscopi
1227 1822 1403 1850 Treverensis
1428 1822 1461 1849 116
1486 1831 1556 1849 anno
1584 1822 1675 1855 1:335.
1700 1823 1776 1857 cujus
1802 1823 1872 1857 orig.
1898 1823 1924 1850 in
1950 1823 2052 1850 archiv.

599 1876 628 1903 C.
654 1877 682 1903 R.
711 1877 770 1903 Aut.
797 1876 966 1902 Vindobona»
989 1880 1124 1903 servatur.
1149 1875 1353 1902 communicavit
1380 1876 1423 1902 Dr.
1450 1875 1490 1902 Fr.
1518 1876 1656 1909 Putacky.)

185 2062 377 2106 Comedus,
407 2064 588 2108 episcopus
620 2061 866 2095 Olonna-ensis:
906 2059 1062 2105 public-a!
1091 2062 1355 2094 cousliluliones
1384 2062 1416 2094 in
1457 2073 1521 2095 sna
1549 2062 1703 2095 dioecesi
1741 2061 1942 2095 servandas.
1987 2060 2049 2094 Dl.

655 2123 843 2157 (fremse‘rii.
879 2123 1048 2155 dorniue'ca
1075 2125 1166 2167 post.
1198 2122 1237 2156 S.
1268 2123 1437 2156 Alaea-itii.
1472 2122 1581 2157 1318.

356 2191 648 2246 Constituciones
691 2214 762 2245 siue
804 2215 923 2245 statnta
967 2209 1245 2256 predecessorum
1280 2215 1470 2244 nostrorum
1507 2210 1704 2256 diligencius
1734 2213 1953 2256 requirentes.
1985 2221 2047 2243 nee

182 2277 212 2308 in
242 2273 438 2312 kathedrali,
482 2285 545 2308 nec
575 2277 605 2307 in
635 2273 708 2317 alijs
756 2271 919 2316 Ecclcsijs
963 2271 1165 2316 requirendo
1210 2274 1324 2318 sepius
1368 2272 1408 2306 dc
1450 2272 1576 2306 eisdem
1613 2275 1702 2319 ipsas
1744 2274 1909 2318 potuimus
1953 2274 2052 2305 inve—

180 2338 265 2379 nire,
294 2335 347 2368 ucl
377 2337 404 2368 si
433 2346 497 2381 que
525 2337 787 2369 constitucioncs
816 2346 859 2368 cx
889 2336 968 2379 ipsis
997 2333 1239 2379 particulariter
1274 2338 1404 2379 reperte
1433 2333 1585 2377 fuissent,
1621 2345 1683 2368 nec
1730 2333 1836 2366 taliter
1864 2335 2051 2378 conscriptc

180 2396 324 2439 fuerunt7
360 2407 421 2430 1166
465 2401 596 2442 reperte
638 2395 699 2430 sub
743 2395 859 2437 sigillis
895 2394 1111 2434 authenticis,
1157 2399 1189 2428 111
1231 2397 1311 2441 ipsis
1346 2400 1459 2441 posset
1501 2398 1532 2429 in
1576 2395 1705 2439 indicijs
1741 2393 1823 2428 tides
1864 2393 1917 2427 uel
1953 2398 2050 2427 extra

181 2457 336 2491 iudicium
366 2456 527 2500 adhiberi.
559 2468 621 2491 nec
650 2469 736 2503 pene
766 2456 868 2502 infligi
899 2456 1207 2500 transgressoribus
1237 2456 1440 2490 earumdem.

362 2517 437 2552 Non
466 2521 567 2563 igitur
595 2530 634 2552 ca
666 2523 830 2564 tamquam
860 2517 1105 2552 irracionabilia
1137 2517 1365 2564 16111111111111115,
1396 2518 1462 2552 Sed
1493 2517 1580 2563 quod
1610 2529 1649 2551 ca
1679 2519 1753 2562 quia
1796 2519 1876 2562 ipsis
1921 2519 2050 2550 statutis

178 2584 211 2613 et
239 2579 548 2622 constitucionibus.
579 2582 605 2614 si
636 2591 699 2625 qne
729 2580 869 2614 fuissent
899 2578 998 2622 611116,
1029 2578 1141 2613 6161161
1171 2583 1287 2612 nostre
1319 2579 1476 2626 dyocesis
1506 2590 1572 2612 non
1604 2582 1679 2612 sunt
1707 2580 1769 2621 usi,
1799 2581 1935 2624 propter
1963 2577 2050 2623 quod

179 2640 330 2675 uolumus
359 2646 391 2674 et
421 2644 452 2675 in
483 2643 602 2675 virtute
632 2646 748 2675 sancte
777 2641 974 2676 obediencie
1009 2643 1211 2687 precipimus
1245 2645 1277 2675 61
1305 2640 1512 2683 mandamus7
1555 2643 1719 2685 quatenus
1756 2641 1879 2674 nostris
1919 2641 2051 2673 consti-

1799 2698 1840 2728 49
