2341 3005
1072 162 1145 197 103

163 289 267 325 super
294 277 478 312 custodiam
508 280 584 312 totis
615 278 756 312 lustrare
785 277 950 312 noctibus.
982 282 1199 324 prospectare
1229 277 1385 324 undique.
1415 282 1447 312 et
1476 289 1536 324 pro
1566 290 1667 326 posse
1703 280 1834 325 singula
1871 281 2050 327 speculari.

164 344 199 374 ut
227 342 462 374 annuntiemus
491 350 701 386 quecumque
730 339 927 374 viderimus.
957 344 988 373 et
1024 350 1234 386 opponamus
1271 350 1333 374 nos
1370 351 1499 374 murum
1536 341 1773 376 ascedentibus
1810 353 1855 376 ex
1891 342 2050 379 adverso.

164 401 207 436 de
235 404 336 436 vinea
365 401 500 436 Domini
530 401 679 435 Sabaoth
710 400 931 435 demolientes
960 404 1213 435 exterminaturi
1250 401 1459 448 vulpeculas.
1497 406 1527 436 et
1562 401 1603 436 de
1638 406 1711 437 veri
1747 406 1908 438 vestiario
1947 404 2052 438 Salo—

164 465 273 498 monis
303 463 523 498 corrodentes
553 466 661 497 tineas
690 462 861 497 exclusuri
892 467 1028 509 propter
1056 463 1143 508 quod
1173 462 1295 497 Habrae
1325 465 1430 509 patris
1466 462 1539 498 fidei
1577 468 1691 510 typum
1726 470 1887 510 gerentes
1920 468 1953 500 iu
1987 465 2052 500 Dei

164 524 323 569 ecclesia.
367 524 408 559 ad
437 524 611 559 catholicae
654 523 728 558 fidei
760 527 930 559 tuitionem
973 524 1138 559 afficimur
1179 527 1351 571 ipsiusque
1393 524 1624 559 desideramus
1667 525 1801 560 ubilibet
1845 530 2050 562 incrementa

164 586 365 633 producere.
395 598 435 621 ac
463 597 537 621 eam
568 598 586 620 a
616 585 838 631 malignorum
868 591 900 620 et
929 597 1110 633 pravorum
1139 586 1362 632 quorumlibet
1391 586 1615 621 hereticorum
1645 591 1820 633 presertim
1850 593 1948 635 atque
1968 600 2052 623 cre—

164 648 311 683 dentium
341 648 509 683 fautorum
538 647 754 682 defensorum
783 652 813 682 ct
843 653 1090 695 receptatorum
1120 648 1249 682 illorum
1279 648 1405 683 dolosis
1442 648 1571 682 insidiis
1601 653 1632 682 et
1661 648 1802 684 fallaciis
1831 650 2050 685 fraudulentis

163 713 360 757 opportunis
391 709 546 744 remediis
575 721 791 756 preservare.
823 709 915 744 Sane
945 721 1011 744 11011
1041 713 1113 744 sine
1149 710 1370 744 amaritudine
1405 710 1516 744 cordis
1552 713 1758 757 accepimus.
1797 712 1885 757 quod
1921 715 1953 746 in
1984 712 2050 747 ali-

163 772 283 818 quibus
312 771 459 818 partibus
487 771 687 817 Regnorum
717 771 855 805 Bocmie
885 776 915 806 et
945 772 1083 806 Polonie
1119 776 1151 806 et
1187 774 1219 806 in
1253 783 1370 806 eorum
1407 771 1595 806 confinibus
1625 776 1662 806 ·et
1698 772 1856 807 limitibus
1892 777 2050 821 precipue

164 836 197 868 in
227 833 371 868 Civitate
413 838 444 867 et
473 833 611 867 Diocesi
655 833 875 867 Cracoviensi
921 833 1005 868 adeo
1035 838 1189 879 patenter
1230 833 1378 868 heretice
1408 833 1609 868 infidelitatis
1652 845 1748 868 error
1783 835 1920 869 invaluit
1963 836 2050 882 quod

164 894 286 930 ibidem
315 895 547 942 quamplurimi
577 906 595 929 a
624 898 680 929 via
711 898 862 929 veritatis
892 907 1029 941 prorsus
1059 895 1193 929 adversi
1225 900 1343 930 euntes
1373 900 1446 942 post
1475 895 1608 930 devium
1646 895 1811 930 falsitatis.
1849 908 1888 931 ac
1918 900 2050 944 seipsos

163 956 310 992 diversis
339 961 371 991 et
391 956 496 991 variis
527 956 702 991 heresibus
732 957 939 991 maculantes
969 957 1147 1003 pestiferas
1176 957 1216 991 ad
1246 957 1501 991 01111011110111111111
1532 957 1721 991 orthodoxe
1745 958 1944 992 soliditatem
1975 959 2048 993 lidei

164 1018 339 1053 machinas
368 1023 565 1053 construunt
594 1021 767 1065 ipsamque
797 1018 996 1053 sulwertere
1026 1019 1120 1053 falsis
1149 1024 1180 1052 et
1210 1019 1355 1065 vulpinis
1391 1019 1586 1066 impulsibus
1623 1019 1790 1053 fallacium
1827 1025 2050 1065 argumenta-

162 1083 288 1115 tionum
331 1080 515 1115 intendunt.
548 1080 632 1122 Quid
676 1092 758 1119 ergo
789 1081 891 1114 frater
934 1085 965 1115 tu
995 1081 1035 1115 ad
1066 1081 1126 1115 hec
1156 1082 1302 1127 nunquid
1345 1081 1448 1116 stabis
1478 1085 1543 1115 tota
1574 1081 1627 1115 die
1669 1084 1796 1116 otiosus
1832 1086 1864 1116 et
1894 1086 2048 1128 tanquam

163 1142 251 1177 nulla
281 1145 321 1177 sit
351 1142 407 1176 tibi
436 1154 516 1176 cura
546 1142 587 1175 de
616 1141 770 1176 oiunibus
799 1142 862 1176 hiis
891 1145 943 1188 qui
974 1142 1163 1189 exprobant
1193 1146 1317 1177 nomini
1348 1146 1517 1188 agminum
1555 1143 1670 1177 lsrael.
1708 1148 1738 1177 te
1769 1143 1841 1177 zelo
1877 1143 1952 1178 fidei
1983 1155 2049 1178 111111

163 1216 326 1251 oppones.
357 1204 413 1238 An
441 1216 508 1238 non
538 1204 693 1240 attendis.
724 1204 810 1250 quod
840 1204 959 1238 clamat
989 1205 1028 1238 ad
1060 1209 1090 1238 te
1120 1205 1284 1239 Dominus
1314 1217 1373 1251 per
1401 1204 1596 1252 prophetam
1623 1210 1655 1238 ut
1683 1205 1830 1251 loquaris
1860 1205 1901 1239 ad
1930 1216 2048 1240 omnes

162 1257 332 1302 Civitatesv
353 1265 439 1300 Juda
469 1277 646 1301 sermones
677 1277 759 1312 quos
789 1266 917 1300 locutus
947 1271 995 1300 est
1026 1266 1080 1300 11111
1111 1271 1141 1301 01
1171 1278 1346 1301 sermones
1382 1267 1455 1301 illos
1484 1266 1705 1313 exprimendo
1742 1266 1922 1312 subiungit.
1956 1267 2049 1302 Vade

161 1333 193 1363 et
222 1328 330 1363 clama
360 1328 550 1362 Revertere
579 1328 792 1362 adversatrix
823 1328 925 1362 lsrael
969 1328 1044 1362 dicit
1088 1328 1264 1362 Dominus.
1295 1333 1327 1362 et
1357 1340 1422 1362 non
1466 1333 1617 1363 avertam
1660 1329 1782 1362 faciem
1818 1339 1926 1362 meam
1957 1341 1975 1363 a
2005 1334 2047 1364 te.

161 1389 318 1436 Nunquid
347 1393 447 1424 etiam
476 1390 599 1424 clamat
640 1390 726 1424 idem
770 1389 932 1424 Dominus
968 1402 1027 1436 per
1059 1389 1273 1424 Ezechielem
1302 1390 1433 1424 dicens:
1463 1392 1491 1424 si
1521 1390 1711 1436 speculator
1752 1390 1872 1426 viderit
1901 1391 2047 1436 gladium

163 1454 369 1495 venientem,
399 1457 431 1485 et
459 1463 527 1486 11011
556 1454 741 1493 insonuerit
770 1451 924 1486 1111001113.
956 1454 1153 1498 veneritque
1183 1452 1313 1497 gladius
1342 1456 1372 1486 et
1403 1452 1510 1486 tulerit
1540 1455 1684 1486 animam
1720 1464 1819 1487 unam
1850 1454 1890 1488 de
1926 1453 2048 1500 populo

162 1516 365 1560 sanguinem
394 1516 466 1548 eius
495 1513 536 1547 de
573 1525 672 1547 manu
715 1513 937 1560 speculatoris
980 1516 1159 1559 requiram.
1204 1513 1318 1547 Redde
1361 1525 1444 1559 ergo
1474 1518 1527 1548 tue
1571 1517 1794 1548 testimonium
1837 1515 1924 1549 lidei.
1955 1520 1986 1549 et
2017 1518 2047 1549 in

163 1574 287 1610 Christi
317 1577 454 1620 negotio
484 1575 621 1609 ulterius
651 1586 715 1609 non
748 1575 926 1609 lentescas.
952 1587 1014 1609 nec
1037 1578 1076 1610 sit
1099 1575 1185 1621 apud
1209 1580 1239 1609 te
1262 1574 1402 1609 verbum
1426 1575 1559 1610 Domini
1583 1576 1764 1621 alligatum.
1788 1576 1848 1610 sed
1871 1576 2050 1621 diligenter

161 1636 340 1684 pastoralis
369 1641 482 1684 partes
511 1636 612 1670 oflicii
641 1639 833 1682 exequaris.
864 1636 938 1671 Noli
969 1639 1064 1671 otiari
1102 1640 1133 1671 in
1170 1637 1294 1671 talento
1330 1636 1476 1681 Domini,
1513 1637 1571 1672 sed
1601 1641 1634 1671 ut
1670 1637 1745 1671 illud
1781 1637 1944 1672 Dominus
1973 1649 2048 1672 cum

161 1698 290 1734 fenoris
320 1701 521 1733 accessione
563 1701 713 1744 recipiat.
743 1699 979 1743 evangelicam
1011 1701 1274 1744 negotiationem
1304 1710 1441 1733 exerce.
1474 1698 1561 1734 lnsta
1585 1704 1772 1745 opportune
1794 1704 1827 1734 et
1848 1702 2047 1746 importune.

163 1772 248 1808 opus
279 1760 333 1795 fae
361 1760 573 1805 evangeliste
602 1762 821 1794 ministerium
864 1765 952 1794 tuum
983 1761 1094 1807 imple.
1137 1765 1169 1795 et
1205 1763 1349 1794 animam
1392 1763 1419 1794 si
1448 1772 1591 1795 necesse
1634 1760 1732 1795 fuerit
1761 1773 1820 1807 pro
1850 1761 2048 1795 defensione

166 1822 242 1857 lidei
271 1833 399 1870 ponere
429 1833 495 1856 non
525 1821 696 1856 formides.
727 1821 797 1855 Nos
828 1826 937 1855 antem
967 1822 1041 1856 licet
1073 1821 1112 1855 ad
1143 1822 1253 1856 talium
1291 1825 1400 1867 iniqua
1440 1821 1561 1868 ubique
1597 1823 1842 1857 consternenda
1880 1823 2046 1857 molimina

162 1895 205 1919 eo
234 1887 417 1919 animosius
446 1886 634 1930 aspiremus
663 1895 727 1929 quo
757 1883 964 1930 pernitialiiis
994 1896 1033 1917 ea
1065 1886 1095 1917 111
1127 1883 1334 1930 dispendium
1365 1886 1550 1918 animarum
1587 1895 1652 1918 nou
1690 1884 1889 1930 ambigimus
1919 1884 2048 1918 redun-

162 1946 256 1990 dare,
285 1951 318 1981 et
346 1957 412 1992 quo
454 1946 551 1980 latius
587 1949 723 1992 serpunt
766 1957 805 1979 ac
836 1945 1012 1979 dilatantur
1053 1945 1285 1992 periculosius.
1328 1948 1353 1980 si
1385 1957 1450 1980 non
1494 1948 1525 1980 in
1556 1948 1625 1980 suis
1668 1949 1766 1980 initiis
1795 1949 2045 1991 extinguantur.

163 2007 346 2055 Cupientes
375 2013 485 2043 tamen
516 2010 638 2042 ancxie
669 2009 699 2041 in
731 2006 873 2041 Civitate
903 2018 942 2041 ac
972 2007 1109 2041 Dioccsi
1138 2009 1331 2041 memoratis
1377 2019 1416 2041 ac
1446 2009 1542 2041 terris
1585 2011 1614 2041 et
1645 2008 1726 2042 locis
1770 2008 1841 2042 aliis
1884 2008 2047 2042 dictorum

164 2069 362 2116 Regnorum
391 2070 494 2105 veluti
524 2068 705 2115 gentilibus
734 2073 764 2103 01
795 2071 937 2116 paganis
967 2071 1061 2115 quasi
1091 2071 1308 2103 conterminis
1338 2071 1509 2114 negotium
1547 2072 1649 2116 ipsius
1687 2069 1761 2103 lidei
1791 2070 1882 2104 elisis
1911 2072 2046 2103 omnino

164 2131 339 2177 quibusvis
367 2131 538 2166 erroribus
574 2131 797 2177 heresunique
840 2131 1059 2176 quarumlibet
1101 2130 1280 2165 eradicatis
1308 2130 1468 2177 vepribus
1511 2133 1578 2176 iugi
1609 2130 1760 2178 profectu
1803 2132 2047 2165 convalescere

163 2192 281 2227 fortius
310 2205 349 2228 ac
377 2193 510 2228 felicius
538 2195 742 2240 prosperari,
773 2192 814 2226 ad
844 2191 874 2226 id
897 2192 976 2226 inibi
1000 2192 1264 2239 promovendum
1288 2204 1347 2239 per
1370 2204 1430 2226 nos
1453 2197 1485 2226 et
1508 2192 1592 2227 alios
1616 2195 1772 2227 attentius
1796 2205 1858 2227 nec
1881 2195 2045 2227 innnerito

164 2254 308 2300 vigilare
336 2255 518 2290 studemus.
552 2254 646 2289 [nde
676 2254 883 2301 providimus
912 2254 1051 2289 dilectos
1080 2254 1164 2288 lilios
1194 2253 1313 2288 fratres
1336 2254 1472 2288 Coldam
1495 2259 1527 2289 et
1549 2254 1766 2300 Peregrinum
1794 2255 2046 2300 ()ppoliensium

163 2315 413 2350 Predicatorum
442 2321 473 2351 et
503 2316 743 2351 llartmannum
774 2316 918 2350 Pilnens.
943 2320 975 2350 et
998 2315 1172 2350 Nicolaum
1197 2315 1402 2362 llaspodinet
1426 2315 1467 2350 de
1491 2316 1657 2351 Cracovia
1680 2316 1847 2350 Minorum
1871 2316 2044 2352 Ordinum.

163 2388 303 2424 quorum
332 2376 472 2412 honesta
501 2381 730 2417 conversatio.
761 2382 792 2411 ut
822 2389 1010 2424 speramus.
1041 2377 1231 2424 exemplum
1261 2377 1379 2412 tribuet
1417 2380 1580 2424 puritatis.
1617 2383 1649 2412 01
1685 2378 1870 2412 doctrinam
1908 2377 2044 2411 l'uiident

162 2438 292 2473 erudita
322 2438 407 2473 labia
450 2440 641 2476 salutarem.
685 2439 725 2474 ad
755 2441 976 2485 inquisitionis
1019 2439 1164 2473 osticium
1207 2441 1238 2473 in
1268 2439 1425 2486 predictis
1455 2439 1653 2474 Civitatibus
1695 2451 1734 2473 ac
1765 2439 1859 2472 Dioc.
1904 2439 1986 2473 locis
2015 2443 2045 2473 et

164 2502 261 2534 terris
290 2504 407 2534 contra
436 2499 603 2536 hereticos
632 2502 809 2536 credentes
838 2501 987 2535 fautores
1023 2500 1234 2544 defensores.
1277 2505 1308 2535 et
1338 2506 1567 2548 receptatores
1609 2512 1725 2535 eorum
1768 2503 1862 2534 iuxta
1905 2500 2045 2534 formam

165 2572 332 2596 canonum
363 2562 595 2608 exequendum
625 2574 686 2609 per
713 2563 916 2610 apostolicas
945 2562 1072 2596 litteras
1101 2561 1321 2608 deputandos.
1353 2562 1519 2605 Quocirca
1550 2562 1747 2596 fraternitati
1785 2566 1838 2595 tue
1867 2572 1927 2608 per
1956 2573 2045 2609 apo-

163 2622 280 2657 stolica
311 2625 432 2669 scripta
463 2623 657 2658 mandamus
682 2627 835 2670 quatinus
859 2626 1030 2670 premissis
1059 2623 1213 2658 omnibus
1244 2627 1296 2671 pia
1327 2624 1541 2659 meditatione
1571 2627 1716 2671 pensatis
1747 2623 1877 2658 indutus
1907 2624 2045 2658 loricam

162 2683 238 2718 fidei
269 2684 308 2718 ad
353 2684 436 2719 illius
465 2685 599 2719 vitanda
644 2686 788 2731 pericula
832 2690 862 2719 ct
894 2685 1034 2719 hostium
1077 2688 1149 2720 eius
1192 2686 1366 2721 audaciam
1409 2686 1688 2733 compescendam
1733 2689 1763 2720 in
1795 2686 1952 2732 predictis
1992 2691 2044 2720 tua
