2341 3005
1060 138 1131 173 183

155 259 272 302 gracia
299 255 530 290 fauorabiliter
558 267 765 290 conseruare
795 266 834 289 ac
869 257 918 289 eis
948 254 1089 289 eandem
1124 257 1273 300 graciam
1310 266 1371 301 per
1405 258 1639 291 innouaeionis
1674 261 1707 291 et
1739 258 1846 290 eciam
1880 256 2035 303 specialis

155 321 386 353 concessionis
416 323 528 352 nostre
559 317 754 363 suffrag-ium
782 306 906 351 firmius
935 316 1097 350 roborare
1125 316 1282 363 predictis
1315 316 1444 351 ciuibus
1480 322 1512 350 et
1540 317 1718 352 heredibus
1754 321 1902 365 ipsorum
1930 321 2035 365 ipsam

154 383 305 425 graciam
334 382 534 414 innouantes
564 384 595 414 et
624 391 686 414 nos
715 382 821 414 eciam
851 378 993 413 eandem
1022 381 1070 413 eis
1099 378 1281 413 liberaliter
1309 383 1341 412 et
1377 378 1567 425 specialiter
1601 379 1763 414 facientes
1799 383 1879 426 ipsis
1908 380 2036 414 ciuibus

154 446 187 476 et
214 453 331 476 eorum
359 441 538 475 heredibus
568 441 757 475 theloneum
787 445 819 475 et
847 440 957 474 oflicia
986 445 1172 474 memorata
1202 440 1318 474 damus
1347 445 1379 474 et
1408 440 1612 475 conserimus
1647 446 1825 488 perpetuog
1860 441 2035 480 Volentesq

154 508 191 538 vt
213 503 372 549 deinceps
397 506 427 537 in
451 507 646 549 perpetuum
667 514 800 536 omnem
821 502 1006 546 vtilitatein,
1029 514 1092 548 que
1118 502 1158 536 de
1181 505 1260 549 ipsis
1283 501 1439 536 theloneo
1460 507 1492 536 et
1518 502 1638 537 officiis
1663 508 1817 549 poterunt
1844 507 2035 550 proucnire.

154 567 340 611 percipiant
368 569 400 598 01
428 564 585 602 habeant„
615 567 788 610 ipsumque
816 564 990 598 vtilitatem
1020 567 1108 598 omni
1145 569 1294 610 tempore
1331 567 1363 598 in
1396 564 1670 598 melioracionem
1699 569 1731 598 et
1759 565 2036 599 emendacionem

154 626 240 661 dicte
269 629 423 669 ciuitatis5
454 626 507 660 ubi
541 637 616 660 eam
652 626 925 661 melioracionem
962 631 994 661 et
1027 625 1305 660 emendacionem
1340 625 1496 660 viderunt
1524 626 1688 671 indigere.
1726 627 1868 661 totaliter
1896 631 2037 672 erogent

155 692 188 723 et
215 692 423 723 conuertant.
454 687 490 722 ln
520 690 614 721 0111115
642 690 944 731 rei,testi1noniuni
972 692 1148 734 presentes
1170 688 1296 722 litteras
1319 688 1390 721 11011
1413 692 1445 722 et
1467 688 1576 733 sigillo
1600 692 1714 723 nostro
1737 691 1855 722 maiori
1883 692 2036 723 iussimus

153 753 361 784 communiri.
392 749 515 783 Datum
533 749 679 784 Brutine.
704 761 792 784 anno
808 750 995 794 millesimo„
1019 750 1256 785 trecentesimo
1271 752 1435 784 vicesimo
1459 753 1575 788 101010,
1593 749 1665 784 Vll.
1682 749 1852 784 Kalendas
1870 750 2034 784 Octobris.

468 821 502 851 (E
529 820 599 848 libro
621 821 720 855 jurium
745 821 864 848 civitatis
888 821 1067 855 lum-mensis
1092 821 1150 852 ‹die
1170 821 1344 848 Stadtrecbte
1369 824 1537 856 nuncupato)
1562 821 1587 848 in
1612 830 1779 857 pergameno
1804 821 1830 848 10
1856 821 1921 847 folio
1947 822 2036 853 (11.1.)

571 873 596 900 10
623 874 695 900 curia
720 874 817 901 ibidem
844 890 885 893 ᾖ
911 874 1054 910 descripsit
1080 874 1113 901 A.
1138 875 1270 907 Boczek.)

1009 970 1184 1006 CCXLYI.

155 1042 345 1085 Joltauues,
376 1042 551 1077 Bolzeim'oe
581 1055 657 1076 res.
688 1044 869 1087 confirmat
899 1043 1115 1077 donatiouem
1146 1042 1235 1076 cilloe
1258 1042 1422 1088 Laeti-ang]
1445 1047 1478 1077 el
1510 1043 1667 1077 tleoloieee·
1692 1045 1723 1077 e'n
1750 1042 1886 1088 lgylare'a
1909 1044 2036 1087 reya'me

377 1104 594 1139 Elis-abellae
623 1116 712 1139 (netto
744 1104 844 1139 1319
870 1106 1013 1149 fac-lam.
1049 1104 1111 1139 Dt.
1142 1104 1280 1150 Progne,
1310 1105 1490 1139 Kalendas
1522 1105 1682 1140 Octobris
1713 1105 1826 1142 1323,

327 1173 523 1227 Jolmnnes
553 1193 606 1227 dei
635 1196 752 1238 gracia
782 1193 920 1227 Boemie
950 1198 980 1227 ct
1010 1193 1146 1227 Polonie
1175 1193 1263 1231 Rex.
1294 1204 1334 1227 ac
1365 1193 1670 1239 Luceinburgensis
1707 1193 1840 1228 Comes.
1871 1195 2038 1227 vniuersis

159 1254 199 1289 ad
236 1254 318 1301 (11105
352 1259 527 1301 presentes
566 1258 781 1301 peruenerint
818 1257 1070 1301 imperpetuum,
1104 1255 1198 1289 Bene
1227 1258 1319 1289 nouit
1351 1255 1511 1290 Maiestas
1547 1255 1655 1301 Regia
1693 1258 1871 1302 presencia
1908 1266 2038 1300 queque

154 1316 334 1363 disponere
362 1316 479 1350 suturis
509 1320 616 1350 eciam
646 1320 694 1351 sic
723 1316 902 1363 prouidere
932 1318 1095 1362 negocijs,
1124 1321 1161 1351 vt
1189 1321 1299 1351 tamen
1328 1317 1509 1363 dispmidijs
1542 1320 1700 1364 preterita
1724 1328 1789 1351 non
1813 1316 2037 1351 commendet.

154 1377 215 1412 sed
243 1382 338 1423 gesta
368 1381 543 1413 retroactis
574 1378 747 1413 curriculis
777 1383 962 1425 temporum
991 1378 1183 1413 innouando
1219 1383 1250 1413 et
1284 1379 1502 1426 approbando
1535 1391 1595 1414 sua
1632 1381 1808 1413 consueuit
1843 1381 2039 1412 auctoritate

155 1439 300 1477 firmare.
331 1440 422 1474 Sane
456 1440 641 1474 libertatum
678 1445 711 1474 et
732 1440 994 1485 Priuileg‘iorum
1032 1440 1154 1474 indulta
1188 1441 1346 1475 nonnulla
1382 1440 1500 1475 Illustri
1537 1441 1669 1475 domine
1702 1440 1877 1475 Elizabeth
1915 1440 2037 1474 domini

156 1501 356 1535 W'encezlai
386 1501 538 1536 Senioris
567 1502 818 1536 recordacionis
848 1502 971 1545 felicis,
1006 1501 1144 1536 Boemie
1179 1506 1212 1536 et
1245 1500 1534 1548 Polonie’Regisq
1573 1503 1691 1537 Soceri
1721 1507 1753 1536 et
1782 1501 2038 1536 Predeccssoris

155 1566 259 1597 nostri
288 1563 475 1597 Karissimi.
504 1563 634 1598 Relicte
663 1575 724 1598 nos
747 1564 879 1598 dedisse
901 1564 1092 1607 recolimus„
1122 1576 1167 1598 ex
1189 1564 1307 1610 quibus
1331 1569 1427 1598 tenor
1446 1565 1618 1599 cuiusdam
1641 1576 1701 1611 per
1723 1567 1832 1598 omnia
1857 1563 2039 1597 dinoscitur

154 1635 231 1659 esse
260 1625 345 1662 talis.,
380 1624 450 1659 Nos
483 1625 656 1660 Joliannes
694 1625 746 1660 dei
781 1629 897 1671 gracia
933 1630 996 1660 etc.
1033 1637 1139 1672 usque
1174 1626 1296 1660 Datum
1332 1626 1440 1672 Prage
1470 1625 1558 1660 11110.
1590 1626 1705 1660 Nonas
1740 1626 1898 1670 ΛΜΞ-11511.
1935 1625 2038 1658 Anno

155 1686 277 1720 domini
306 1685 483 1721 Millesiino
514 1687 768 1721 Trecentesimo
788 1687 1034 1731 Decimonono,
1064 1687 1261 1733 Regnorum
1281 1692 1471 1722 nostrorum
1492 1700 1580 1721 anno
1604 1687 1713 1721 Nono.
1747 1687 1856 1730 (Vide
1876 1699 1907 1720 η.
1928 1686 2035 1721 CLII.

155 1748 187 1782 Ιι.
223 1748 282 1792 T.)
326 1748 397 1783 Nos
427 1751 527 1794 igitur
555 1760 599 1782 ex
628 1751 740 1783 innata
770 1749 868 1783 nobis
897 1749 1093 1786 clemencia.
1123 1749 1352 1784 fauorabiliter
1380 1749 1528 1783 eiusdem
1559 1749 1692 1783 domine
1720 1749 1853 1794 Regine
1882 1747 2038 1795 precibus

155 1814 342 1845 annuentes
382 1813 602 1857 prescriptum
640 1810 836 1845 donacionis
873 1815 905 1844 et
939 1811 1132 1845 collacionis
1170 1811 1383 1858 priuilegium
1416 1822 1490 1844 cum
1527 1814 1694 1845 vniuersis
1731 1815 1763 1844 et
1797 1810 1936 1855 singulis
1970 1813 2038 1844 suis

155 1871 326 1915 clausulis,
356 1883 396 1906 ac
425 1875 590 1906 contentis
620 1875 652 1906 in
682 1875 753 1918 ipso
770 1872 984 1915 ratificamus„
1015 1875 1225 1908 innouamus.
1247 1872 1484 1919 approbamus,
1511 1877 1543 1906 et
1573 1884 1617 1907 ex
1640 1877 1731 1906 certa
1752 1877 1866 1906 nostra
1890 1875 2036 1906 sciencia

155 1932 392 1968 confirmamus
421 1933 635 1967 decernendo
672 1936 778 1980 ipsum
808 1933 1022 1980 Priuilcgium
1052 1934 1166 1969 Robur
1201 1934 1334 1981 plenum
1370 1939 1403 1968 ct
1431 1934 1618 1968 firmitatem
1648 1938 1844 1980 perpetuam
1873 1933 2037 1968 obtinere.

156 1994 193 2029 In
221 2005 363 2040 quorum
392 1995 600 2030 euidenciam
631 2000 664 2029 et
691 1998 886 2029 memoriam
916 1995 1111 2031 futurorum.
1141 1996 1202 2030 lias
1231 1995 1291 2030 sibi
1321 1996 1435 2030 literas
1465 1995 1614 2030 dedimus
1638 1996 1745 2040 sigilli
1775 1998 1881 2030 nostri
1901 1995 2039 2030 Maioris

155 2055 292 2091 Robore
320 2060 551 2091 communitas.
603 2057 724 2091 Datum
758 2057 868 2103 Prage
896 2057 1065 2092 Kalendas
1096 2058 1262 2101 Octobris,
1292 2058 1394 2091 Anno
1424 2057 1549 2092 domini
1577 2057 1754 2092 Millesimo
1785 2057 2037 2091 Trecentesimo

155 2120 437 2153 vicesimotercio.

471 2181 560 2216 (Orig.
586 2182 732 2208 membran.
759 2190 817 2208 cum
841 2181 934 2216 sigillo
959 2182 1092 2209 bilaterali
1117 2185 1197 2217 rupto
1222 2181 1247 2208 iu
1272 2181 1382 2208 arcliivo
1408 2181 1566 2209 monasterii
1590 2182 1678 2218 „Aula
1704 2183 1732 2209 S.
1753 2182 1861 2209 Mariae-
1879 2181 1948 2216 apud
1964 2181 2035 2208 ΟΒ.

575 2234 692 2262 Gubern.
718 2234 811 2261 Brunae
836 2235 895 2261 sub.
920 2235 958 2262 lit.
984 2236 1018 2264 A.
1043 2244 1069 2262 n.
1099 2234 1161 2266 11.)

1001 2330 1190 2365 CCXLVII.

157 2400 349 2445 Joleamzes,
379 2412 445 2435 rea:
473 2401 660 2445 Bohemioe,
691 2403 869 2447 confirmat
899 2403 1028 2447 reyc'uoe
1056 2401 1274 2437 Elis-abellam
1303 2402 1454 2437 [illerum
1490 2415 1594 2449 super
1622 2403 1759 2437 vendita
1790 2403 1858 2447 ipsi
1884 2401 1972 2435 bona
2002 2403 2034 2434 ἰη

470 2463 584 2497 Μρηίη
615 2468 648 2498 el
678 2465 866 2510 Has-[oper.
898 2463 1028 2498 Datum
1056 2464 1183 2509 Prayae
1211 2464 1391 2498 Kalendas
1423 2465 1584 2500 Octobris
1615 2464 1726 2499 1323.

329 2522 527 2576 «lohannes
557 2543 609 2577 dei
637 2547 752 2588 gracia
776 2544 915 2578 Boemie
942 2548 974 2577 et
995 2543 1130 2577 l'olonie
1153 2543 1239 2587 Rex,
1270 2556 1310 2578 ac
1332 2544 1636 2589 Lucenilnirgensis
1657 2544 1790 2585 Comes,
1819 2542 2037 2588 Mai-cliieque

156 2602 406 2638 Budissinensis
441 2603 609 2647 dominus,
652 2608 820 2640 vniuersis
855 2605 895 2640 ad
932 2617 1015 2651 quos
1050 2609 1225 2651 presentes
1262 2609 1479 2652 peruenerint
1516 2610 1773 2652 imperpetuum,
1818 2604 1908 2639 Bene
1946 2607 2037 2638 nouit,

155 2663 317 2700 Maiestas
346 2665 456 2711 Regia
487 2669 663 2712 presencia
692 2678 823 2713 queque
852 2667 1048 2714 disponere,
1086 2667 1202 2702 suturis
1238 2670 1287 2702 sie
1316 2671 1422 2702 ceiam
1453 2667 1631 2714 prouidere
1660 2668 1830 2711 negocijs2
1863 2671 1897 2701 vt
1926 2671 2034 2700 tamen
