2325 2941
1161 160 1242 215 ἶ12

1171 274 1262 309 XIV.

295 351 475 384 Henrieus.
507 349 681 383 Boleeme'oe
710 360 785 391 rex7
815 350 957 393 suscipit
978 348 1158 382 ecelesiam
1181 348 1219 382 S.
1245 348 1428 382 Michaelis
1453 348 1623 394 Znoymoe.
1649 352 1789 396 ejusque
1809 350 1919 384 dotem
1940 355 1974 385 et
1995 351 2145 386 homines

524 411 555 442 ῖη
583 421 678 442 setam
704 411 963 453 protectionem.
994 408 1053 442 Dl.
1086 409 1246 453 Znoymoe
1275 409 1374 443 XIV.
1405 409 1551 444 Kalend.
1581 410 1762 444 Decembr.
1795 410 1906 446 1307.

462 493 552 547 Nos
581 513 755 547 Heinriens
784 513 835 547 dei
863 515 977 558 gracia
999 512 1136 547 Boemie
1164 513 1347 547 etPolonie
1374 513 1462 557 Rex,
1484 513 1655 548 Karinthie
1676 514 1764 559 Dux„
1794 519 1826 549 et
1848 514 1968 551 Comes
1990 516 2144 557 Thirolis„

291 575 408 609 Notum
438 573 576 609 facimus
604 577 771 608 vniueisis
807 579 978 620 presentes
1010 573 1121 608 literas
1156 576 1364 620 inspecturis„
1401 574 1487 620 quod
1520 578 1595 621 quia
1631 575 1766 610 dilectus
1802 576 1998 622 Capellanus
2033 581 2146 612 noster

291 635 516 681 Meynhardus
544 634 703 681 plebanus
731 635 882 669 Ecclesie
911 634 1023 668 Sancti
1050 634 1222 669 Michaelis
1250 637 1283 668 in
1304 634 1469 681 Ζηογιιιίιἦ
1498 647 1535 670 se
1557 635 1724 682 obsequijs
1753 639 1820 671 suis
1847 636 2011 671 Maiestati
2032 642 2146 672 nostre

291 701 420 742 gratum
449 696 667 742 multipliciter
701 695 840 729 reddidit
875 700 906 729 et
940 700 1124 741 acceptum,
1160 698 1266 741 ipsum
1300 700 1333 730 et
1367 696 1487 730 dictam
1519 696 1704 731 Ecclesiam
1740 697 1853 732 Sancti
1887 697 2071 744 Mychaelis
2106 709 2146 732 ac

290 757 398 791 dotem
430 761 462 791 et
490 757 639 791 homines
669 757 793 791 dotales
822 757 861 790 ad
891 759 996 803 ipsam
1022 756 1207 791 Ecclesiam
1236 760 1449 802 pertinentes,
1480 760 1513 791 in
1535 762 1679 792 nostram
1701 759 1876 804 specialem
1900 761 2146 805 proteccionem

292 821 477 864 recepimus
506 822 538 851 et
565 818 708 854 tutelam.
738 818 890 851 volentes
919 822 951 851 et
978 820 1039 864 ipsi
1066 817 1263 852 Meinhardo
1292 818 1332 852 de
1360 818 1495 864 speciali
1524 821 1637 864 gracia
1666 819 1872 863 mandantes7
1902 819 1988 865 quod
2016 822 2088 866 ipse
2115 824 2148 854 et

291 879 440 912 homines
468 881 516 913 sni
546 878 672 912 dotales
701 878 849 924 predicti„
880 881 911 912 in
940 878 1015 912 dote
1043 881 1115 925 ipsa
1143 879 1339 917 residentes„
1369 879 1520 914 omnibus
1548 879 1683 914 Juribus
1711 882 1835 925 gracijs
1868 885 1900 915 et
1927 880 2145 924 libertatibus,

290 940 407 988 qnibns
436 939 507 973 freti
537 944 569 973 et
595 942 702 984 ganisi
731 944 806 973 sunt
833 951 850 973 a
880 939 1083 985 temporibus
1111 943 1295 981 retroactis„
1325 943 1537 986 imposterum
1560 940 1662 975 libere
1690 944 1734 975 uti
1756 941 1898 976 debeant
1925 946 1957 976 et
1984 941 2146 987 gaudere,

291 1000 418 1035 Cinium
461 1000 607 1034 Ciuitatis
653 1005 764 1034 nostre
804 1000 1026 1047 Znoymensis
1060 1001 1114 1035 vel
1150 1012 1429 1047 quorumcumque
1466 1001 1604 1035 aliorum
1638 1002 1906 1036 contradiccione
1940 1003 2147 1048 aliquatenus

291 1073 356 1096 non
386 1061 547 1095 obstante.
580 1061 690 1102 Quare
721 1089 726 1095 .
760 1089 766 1095 .
796 1061 903 1095 Jndici
933 1066 965 1095 et
996 1090 1002 1095 .
1034 1090 1040 1096 .
1070 1061 1194 1097 Juratis
1227 1073 1266 1096 ac
1294 1065 1460 1097 vniuersis
1495 1062 1628 1097 Cluilius
1660 1063 1939 1109 Znoymensibus‚
1973 1066 2026 1109 qui
2060 1073 2148 1097 nunc

291 1127 365 1156 snnt
393 1127 423 1156 et
454 1125 505 1168 qni
534 1134 593 1168 pro
622 1127 771 1168 tempore
800 1123 931 1158 suerint.
961 1126 1090 1169 precise
1119 1123 1326 1165 mandantes,
1355 1128 1392 1158 vt
1420 1123 1539 1157 dictum
1568 1123 1797 1158 Meinhardnm
1824 1124 1879 1158 vel
1908 1124 2006 1158 alium
2027 1134 2148 1170 quem-

290 1195 429 1228 cumque
459 1186 511 1228 qni
541 1183 625 1217 dicte
653 1183 804 1217 Ecclesie
833 1183 946 1218 Sancti
974 1184 1146 1219 Michaelis
1162 1184 1321 1231 plebanus
1337 1189 1392 1218 aut
1415 1184 1539 1219 Rector
1560 1196 1619 1231 pro
1642 1190 1789 1231 tempore
1810 1184 1918 1229 fuerit„
1941 1188 1974 1219 in
1995 1184 2148 1219 habendo

290 1244 438 1278 ,Iudicem
469 1245 645 1290 specialem
682 1256 782 1290 super
816 1245 910 1279 dictis
945 1245 1047 1280 Bonis
1082 1245 1256 1289 dotalibus,
1292 1250 1324 1280 et
1363 1248 1393 1279 in
1429 1246 1605 1280 iudicando
1640 1246 1790 1281 homines
1825 1246 1920 1281 Dotis
1954 1249 2056 1293 ipsius
2089 1257 2149 1292 per

291 1305 431 1339 eundem
459 1305 610 1339 Jndicem
639 1308 720 1339 sicut
749 1311 943 1340 consuetum
972 1311 1022 1341 est
1049 1305 1118 1340 fieri
1147 1310 1312 1353 preteritis
1341 1307 1556 1353 temporibus,
1592 1311 1624 1341 et
1656 1310 1689 1341 in
1724 1307 1797 1352 alijS
1828 1306 1962 1342 Juribus
1994 1307 2089 1341 Dotis
2117 1311 2149 1340 et

292 1366 442 1400 Ecclesie
477 1366 622 1412 predicte
657 1370 740 1401 sicut
774 1379 911 1412 grauem
948 1367 1217 1413 indignacionem
1251 1367 1460 1402 Celsitudinis
1494 1372 1607 1402 nostre
1642 1370 1768 1402 enitare
1808 1371 1954 1414 cupiunt,
1988 1366 2148 1413 impedire

291 1427 470 1461 nullaterus
499 1427 641 1461 audeant
669 1439 731 1461 nec
759 1433 959 1474 presumant.
990 1428 1027 1462 In
1056 1431 1148 1463 cuius
1184 1431 1231 1462 rei
1260 1431 1481 1463 testimonium
1510 1433 1682 1475 presentes
1716 1429 1826 1463 literas
1858 1428 1929 1463 fieri
1957 1433 1990 1463 et
2017 1432 2148 1463 secreto

292 1488 408 1527 Sieillo
451 1493 564 1522 nostro
607 1491 759 1523 iussimus
801 1492 1007 1523 communiri.
1050 1489 1171 1523 Datum
1213 1489 1364 1535 Znoyme
1405 1501 1493 1524 anno
1526 1489 1660 1524 Domini
1694 1489 1868 1525 Millesimo
1897 1489 2147 1525 Trecentesimo

291 1549 449 1595 Septimo.
481 1549 591 1583 ΧΙΙΙΙΟ
619 1549 785 1584 Kalendas
813 1550 1019 1585 Decembris.
1050 1551 1244 1597 Regnorum
1272 1555 1459 1586 nostrorum
1488 1562 1575 1585 anno
1604 1553 1720 1597 primo.

600 1638 750 1671 (Originale
775 1640 919 1666 membran.
946 1639 969 1665 in
995 1639 1104 1666 archivo
1130 1639 1327 1666 marchionatus
1352 1639 1476 1665 Morax'iae
1501 1640 1549 1665 snb
1573 1639 1616 1666 Nr.
1644 1637 1756 1666 12052.
1783 1638 1814 1665 A.
1841 1638 1883 1671 B.)

1180 1769 1255 1804 XV.

592 1844 841 1878 Testamentum
874 1845 1092 1887 wem-honen,
1123 1846 1282 1879 ermonici
1310 1845 1542 1878 Olonna-ensis
1570 1844 1630 1878 Dt.
1664 1843 1771 1878 1308.
1803 1844 1844 1888 ἢ)

466 1927 716 1983 Tium-bonetus
758 1953 938 1983 canonicus
980 1950 1210 1984 (ilomncensis
1251 1954 1447 1984 testamento
1488 1950 1577 1993 legat
1616 1949 1672 1983 lv.
1709 1950 1823 1984 laneos
1865 1951 1896 1982 in
1938 1948 2075 1982 Bistricz
2116 1951 2149 1981 et

292 2010 434 2053 quintum
473 2008 588 2042 ibidem
630 2031 667 2033 ᾼ
709 2013 833 2044 curiam
864 2014 894 2044 in
925 2011 1068 2056 Neredin
1098 2022 1171 2045 cnm
1207 2010 1445 2044 alterodiinidio
1479 2010 1575 2044 laneo
1611 2011 1762 2045 solvente
1794 2031 1834 2034 -
1868 2008 2024 2054 equibus
2052 2008 2148 2042 bonis

291 2070 394 2102 altaro
423 2069 458 2102 S.
490 2070 621 2113 Aeg-iiiii
652 2071 775 2105 dotauit
802 2077 831 2105 et
860 2075 986 2106 curiam
1016 2075 1045 2106 in
1069 2071 1214 2106 Ner-edin
1239 2074 1365 2105 vicarie
1388 2071 1523 2105 contulit
1548 2093 1588 2095 —
1617 2071 1656 2105 de
1679 2074 1789 2117 quinto
1818 2070 1914 2104 laneo
1943 2072 1974 2103 in
1998 2069 2148 2116 Bystriez

291 2129 379 2163 dabit
421 2133 563 2163 vicarius
606 2143 747 2165 inari-am
790 2154 821 2156 aa
856 2135 885 2166 in
929 2135 1159 2167 anniuersario
1202 2132 1323 2166 domini
1367 2132 1568 2166 Theodorici
1610 2132 1764 2178 Episcopi
1808 2131 2038 2165 Olomnccnsis
2080 2134 2148 2164 trcs

291 2190 436 2224 lbi-lones
465 2195 497 2224 et
527 2203 623 2224 vnum
655 2192 813 2226 fertonem
844 2196 874 2227 in
904 2197 1136 2228 anniversario
1167 2205 1240 2227 meo
1272 2214 1312 2217 —
1348 2193 1432 2239 quod
1462 2193 1565 2227 altare
1593 2204 1666 2226 cum
1705 2192 1859 2238 predictis
1893 2191 1992 2225 rebus
2026 2191 2148 2225 contuli

291 2252 355 2285 lilio
392 2252 583 2286 wenceslai
623 2252 764 2286 Radslam
801 2254 839 2287 de
876 2254 1016 2300 Dyrsicz
1056 2276 1090 2279 —
1135 2259 1167 2288 nt
1205 2259 1369 2300 tamquam
1410 2257 1555 2289 vicarius
1590 2253 1732 2287 ecclesie
1771 2264 1810 2286 ca
1852 2256 1916 2286 tam
1952 2252 2005 2286 din
2039 2256 2150 2286 teneat

291 2312 397 2346 donec
427 2313 458 2346 lit
486 2316 668 2347 canonicus
702 2335 740 2337 -ὴ
775 2319 847 2359 post
875 2318 945 2349 eins
975 2320 1112 2349 mortem
1142 2316 1182 2350 de
1210 2318 1337 2350 vicaria}
1368 2317 1427 2350 ista
1457 2315 1609 2361 disponat
1643 2314 1829 2359 capitulum.
1864 2335 1905 2337 —
1937 2313 2147 2347 collationem

290 2374 349 2407 sibi
381 2378 532 2407 reservat
560 2374 598 2408 ad
636 2379 782 2420 tempora
820 2378 895 2409 vite.
930 2398 969 2399 j
1009 2376 1216 2410 Execntores
1252 2376 1418 2411 Fabianus
1454 2376 1572 2409 Custos
1608 2375 1848 2409 (Monuit-ensis.
1878 2374 2039 2419 Magister
2066 2373 2149 2408 Ste-

292 2434 417 2479 phanus
446 2438 627 2469 canonicus
657 2436 898 2475 Olonnwensss,
928 2441 960 2469 vt
988 2422 1210 2471 wenceslaus
1240 2437 1378 2471 l'annilus
1407 2439 1554 2482 episcopi
1584 2435 1624 2469 de
1650 2435 1791 2481 Dyrsicz
1813 2435 1928 2469 dictus.
1959 2438 2010 2469 cni
2033 2435 2149 2469 Wen-

290 2496 401 2528 reslao
431 2496 485 2529 (lat
513 2496 642 2529 domum
672 2508 764 2530 snam
796 2499 825 2529 in
850 2496 988 2529 Olomnc
1017 2497 1203 2531 tenendam.
1230 2519 1272 2522 w
1299 2497 1379 2531 Item
1404 2497 1492 2541 legat
1513 2496 1552 2529 ad
1576 2496 1729 2529 ambitum
1753 2496 1894 2530 ecclesie
1917 2496 2148 2530 Otoinucensis

290 2557 544 2590 construemlnm
586 2557 672 2591 Vlll.
716 2569 844 2591 marcas
883 2578 923 2581 —
970 2558 1146 2592 Canonicis
1189 2558 1232 2592 Vl
1268 2569 1408 2592 marcas.
1452 2556 1594 2591 Vicariis
1626 2569 1699 2591 cnm
1735 2560 1892 2602 magistro
1928 2557 1970 2591 lll
2004 2568 2145 2591 marcas.

342 2667 348 2688 p
370 2660 461 2682 ‹aunt-1<
481 2668 576 2683 annum
601 2659 673 2685 1312.
