2325 2941
1189 124 1262 179 2672

1111 238 1338 274 CCCXXXV.

295 315 481 355 Joharmes,
523 324 590 347 rea:
626 311 812 355 Bohemz'oe,
856 310 982 345 liberat
1023 311 1265 344 monasteriem
1303 308 1343 343 S.
1383 309 1498 344 Clarae
1536 309 1697 354 Znoymae
1738 320 1761 342 a
1801 309 1972 343 solutione
2015 309 2160 343 omnium

444 374 667 409 collectarum
695 376 845 418 estc-epta
873 372 980 406 berna
1009 373 1117 416 reqia.
1147 370 1275 404 Datum
1305 370 1466 415 Znoymce
1493 370 1540 405 X.
1570 370 1750 404 Kalendas
1777 369 1868 415 Maji
1895 369 2007 404 1327.

466 443 556 496 Nos
575 460 748 497 Johannes
779 460 830 493 (lei
859 462 973 505 gracia
996 458 1134 493 Boemie
1163 463 1195 492 et
1215 458 1351 492 Polonie
1371 458 1458 497 Rex,
1489 469 1528 492 ac
1550 457 1855 503 Lucemburgensis
1877 456 2009 492 Comes.
2038 456 2160 491 Notum

297 524 446 566 facimus,
476 525 642 557 vniuersis
671 526 843 569 presentes
873 521 996 555 litteras
1018 522 1228 567 inspecturis.
1260 518 1355 561 Quod
1385 518 1426 553 ob
1456 520 1612 566 specialis
1641 519 1836 554 deuocionis
1866 518 2031 562 affectum,
2062 529 2160 564 quem

294 585 333 619 ad
361 584 601 619 Monasterium
630 588 745 618 sancte
775 582 883 625 Clare,
913 585 946 616 in
976 581 1115 616 Ciuitate
1143 581 1350 628 Znoymensi
1379 583 1494 624 situm,
1531 585 1563 615 et
1591 580 1730 615 denotas
1765 580 1861 615 nobis
1881 607 1914 614 ..
1944 578 2160 614 Abbatissam

293 651 325 681 et
354 645 561 680 Conuentum
592 644 899 679 Sanctimonialium
927 643 1077 677 eiusdem
1113 647 1228 677 sancte
1258 641 1355 676 Clare
1383 642 1525 686 ordinis,
1563 642 1626 676 deo
1656 642 1807 676 Creatori
1842 652 1903 676 suo
1932 640 2012 675 inibi
2040 643 2161 686 iugiter

293 707 527 741 famulancium
547 706 720 740 habuimus
749 710 780 739 et
800 704 960 739 babemus
990 716 1029 738 ac
1051 703 1093 738 ob
1122 709 1235 738 nostre
1251 709 1282 738 et
1306 706 1556 750 progenitorum
1573 707 1763 738 nostrorum
1785 705 1981 746 animarum,
2011 701 2160 737 Salutem

294 768 387 815 Ipsas
416 780 489 802 cum
519 767 671 802 omnibus
699 766 807 810 bonis7
838 771 869 800 et
898 765 1086 800 hominibus
1120 765 1160 799 ad
1194 768 1301 812 ipsum
1330 764 1588 808 Monasterium,
1623 776 1713 799 nune
1741 764 1793 798 uel
1822 767 1854 799 in
1883 764 2028 798 futurum
2057 774 2162 810 spec-

294 829 456 872 tantibus,
500 829 540 863 ab
583 828 735 863 omnibus
778 827 954 872 Subsidijs‚
986 821 1163 867 Collectis5
1207 825 1543 869 ContrIbucionibus,
1586 830 1618 860 et
1659 836 1943 873 quarumcumque
1984 824 2160 859 dacionum

295 891 539 934 solucionibus,
581 901 664 936 quas
693 893 783 936 ipsas
812 901 856 925 ex
890 900 1100 935 quacumque
1128 891 1310 922 occasione
1338 887 1451 931 noim,
1494 887 1548 922 uel
1575 890 1698 922 nostris
1734 887 1871 922 subditis
1900 886 2162 932 quibuscumque

292 952 362 986 dari
391 953 446 986 vel
475 953 606 987 soluere
634 951 792 998 deinceps
815 954 1036 996 contingeret„
1066 950 1217 995 generali
1246 949 1386 983 collecta
1406 949 1528 994 Regia,
1558 949 1614 983 vel
1642 948 1776 993 Steura,
1805 959 1869 994 que
1890 948 2001 982 Berua
2031 947 2160 990 dicitur²

292 1014 463 1048 dumtaxat
490 1018 644 1060 excepta,
674 1013 714 1047 de
742 1012 948 1058 benignitate
968 1012 1075 1057 Regia
1105 1011 1259 1045 duximus
1288 1015 1450 1057 perpetuo
1472 1010 1690 1054 liberandum,
1719 1009 1881 1044 Volentes
1902 1014 1934 1044 et
1962 1009 2160 1043 mandantes

293 1075 427 1110 firmiter
456 1080 486 1109 et
515 1086 688 1122 expresse,
718 1079 755 1109 vt
782 1074 860 1108 nulli
889 1076 1024 1108 omnino
1047 1073 1228 1116 hominum„
1259 1075 1497 1119 cuiuscumque
1518 1074 1776 1119 preeminenfie,
1805 1076 1926 1115 status,
1957 1075 2012 1105 aut
2040 1070 2162 1105 condi-

291 1140 396 1171 cionis
434 1139 557 1171 existat
598 1136 779 1183 predictam
820 1135 979 1169 libertatis
1020 1139 1134 1169 nostre
1176 1137 1327 1179 graciam
1368 1133 1519 1180 sepefato
1567 1132 1773 1168 Monasterio
1810 1132 1850 1167 de
1892 1137 1984 1167 certa
2022 1134 2161 1167 scientia

291 1203 403 1233 nostra
432 1197 565 1234 factam.
596 1198 662 1232 vllo
691 1208 849 1243 vmquam
891 1201 1039 1243 tempore
1074 1195 1202 1231 violare
1230 1200 1417 1242 presumat7
1447 1206 1511 1229 nec
1540 1206 1558 1229 a
1586 1194 1684 1229 bonis
1726 1194 1875 1229 eiusdem
1909 1198 1942 1228 et
1970 1192 2162 1228 hominihus

291 1259 456 1295 subsidia.
496 1259 680 1302 Collectas‚
722 1258 777 1293 vel
812 1258 1090 1293 Contribuciones
1126 1258 1234 1304 aliquo
1277 1260 1515 1302 cuiuscumque
1548 1256 1660 1301 Juris‚
1698 1255 1954 1291 Consuetudinis
1989 1259 2045 1289 aut
2083 1254 2163 1289 facti

291 1326 458 1367 pretextu.
501 1324 642 1366 exigere
676 1320 731 1355 vel
759 1323 910 1366 recipere
953 1319 1110 1366 deinceps
1153 1319 1273 1353 audeat
1320 1318 1531 1365 aliquomodo
1561 1318 1616 1353 vel
1645 1322 1832 1365 presumat,
1875 1317 1948 1353 sola
1976 1316 2100 1361 Berna,
2128 1320 2165 1351 vt

291 1385 499 1429 premittitur,
537 1382 707 1416 dumtaxat
735 1381 883 1416 exclusa.
926 1380 963 1415 In
992 1383 1087 1415 cuius
1121 1384 1171 1415 rei
1199 1383 1421 1415 testimonium
1450 1385 1482 1414 et
1508 1379 1625 1414 Robur
1659 1383 1833 1426 presentes
1868 1379 1994 1413 litteras
2029 1377 2101 1413 fieri
2129 1381 2162 1412 et

292 1444 401 1490 sigillo
430 1448 543 1478 nostro
567 1446 683 1477 maiori
713 1446 867 1477 iussimus
888 1445 1094 1477 communiri.
1124 1442 1245 1476 Datum
1266 1442 1418 1488 Znoyme
1447 1452 1535 1476 anno
1558 1441 1680 1476 domini
1708 1440 1884 1476 Millesimo
1908 1440 2162 1474 Trecentesimo

291 1509 451 1540 vicesimo
481 1508 634 1551 septimo.
664 1504 706 1538 X.
737 1504 905 1538 Kalendas
936 1503 1027 1549 Maij.

601 1585 654 1615 (Ex
687 1584 762 1619 Orig.
796 1584 939 1610 membran.
975 1592 1032 1610 cum
1066 1583 1158 1618 sigillo
1195 1583 1288 1618 maj0ri
1313 1592 1346 1610 ex
1381 1586 1457 1618 parte
1481 1586 1560 1617 rupto
1585 1582 1611 1609 in
1637 1581 1747 1609 archivo
1771 1590 1795 1609 c.
1820 1590 1841 1610 r.
1867 1581 1955 1608 aulico
1979 1580 2161 1613 Viudobouae,

706 1637 736 1664 K.
764 1635 834 1665 254.
861 1637 887 1664 L.
918 1636 1001 1668 101.)

1104 1731 1348 1766 cccxxxvi

288 1804 474 1847 Johannes,
505 1815 571 1838 νων
599 1804 785 1847 Bohemz’ce,
815 1804 919 1837 donat
949 1803 1166 1837 Monasterio
1189 1803 1293 1837 Anloe
1321 1803 1360 1837 S.
1391 1803 1515 1837 Mariae
1544 1804 1575 1837 ἱη
1600 1802 1756 1847 Antiqua
1778 1801 1900 1835 Bruna
1927 1799 2028 1834 villas
2052 1798 2162 1832 Omitz-

638 1869 672 1900 et
700 1865 911 1911 Bedwwany.
942 1865 1071 1899 Datum
1101 1865 1229 1900 Bremoe
1258 1864 1333 1899 IIIO
1363 1865 1542 1899 Kalendas
1570 1864 1661 1909 Maja·
1688 1863 1801 1898 1327.

461 1934 551 1988 Ros
583 1953 755 1988 Johannes
788 1953 851 1987 Dei
884 1955 1000 1999 gracia
1035 1952 1174 1987 Boemie
1203 1957 1236 1987 et
1270 1952 1407 1987 Polonie
1442 1952 1519 1987 Rex
1548 1964 1586 1986 ac
1625 1950 1929 1996 Lucemburgeusis
1959 1948 2081 1983 Comes
2117 1948 2157 1982 ad

293 2017 524 2049 vniucrsorum
554 2018 709 2049 noticiam
739 2019 804 2049 tam
833 2017 1045 2061 presencium
1074 2025 1170 2060 quam
1193 2013 1377 2048 futurorum
1407 2018 1522 2048 tenore
1550 2016 1762 2060 presencium
1786 2011 1938 2046 volumus
1966 2012 2156 2056 peruenire,

290 2076 376 2121 quod
406 2075 492 2110 fideli
521 2080 635 2110 nostro
671 2076 790 2110 dilecto
819 2075 933 2111 Vlrico
969 2075 1009 2110 de
1037 2075 1223 2121 Khessing,
1260 2079 1419 2122 pincerne
1452 2077 1544 2109 curie
1579 2079 1694 2109 nostre
1727 2075 1950 2108 municionem
1985 2075 2018 2105 et
2046 2071 2158 2106 villam

292 2138 406 2171 Umicz
441 2141 474 2171 et
502 2137 613 2171 villam
642 2137 816 2172 Boclzwan
854 2149 927 2171 cnm
958 2137 1051 2173 siluis
1080 2149 1125 2171 ex
1153 2148 1193 2171 ea
1228 2142 1322 2183 parte
1352 2137 1467 2171 littoris
1500 2135 1642 2170 fluminis
1670 2134 1831 2176 Pohraw‚
1867 2132 1923 2167 vbi
1952 2135 2096 2166 municio
2125 2136 2160 2166 et

292 2199 368 2233 ville
397 2198 544 2245 predicte
573 2201 767 2241 consistunt„
803 2202 873 2233 sitis
903 2211 941 2232 ac
971 2199 1044 2244 alijs
1072 2201 1141 2233 suis
1170 2200 1384 2245 pertinenciis
1418 2200 1585 2233 vniuersis
1614 2202 1678 2231 tam
1712 2195 1751 2229 ad
1781 2197 2020 2238 municionem,
2057 2204 2157 2240 quam

290 2260 329 2294 ad
368 2260 463 2294 villas
498 2259 664 2306 predictas
699 2260 938 2305 pertinentibus
979 2263 1010 2294 in
1046 2260 1207 2294 Ducentis
1242 2260 1366 2295 Marcis
1398 2259 1562 2294 Morauici
1601 2257 1757 2304 ponderis
1794 2256 1980 2301 Sexaginta
2015 2259 2157 2302 quatuor

288 2324 415 2362 grossis
443 2333 503 2367 pro
530 2320 645 2355 Marca
674 2320 818 2366 qualibet
839 2325 1045 2367 computatis,
1075 2321 1296 2367 Pragensium
1318 2331 1525 2367 grossorum,
1548 2321 1681 2354 nomine
1703 2320 1776 2352 veri
1804 2319 1956 2364 pignoris
1978 2317 2160 2363 obligaue-

288 2394 399 2417 ramus
442 2394 502 2429 per
541 2385 647 2429 ipsum
676 2382 852 2420 tenendas,
889 2383 1108 2428 possidendas
1137 2388 1169 2417 et
1202 2382 1410 2417 vtisrueudas
1441 2381 1580 2423 tamdiu,
1617 2379 1726 2424 quoad
1754 2390 1814 2426 per
1842 2390 1904 2414 nos
1933 2378 2075 2414 heredes
2103 2377 2158 2412 uel

289 2455 505 2478 successores
527 2448 659 2478 nostros
680 2446 710 2477 in
732 2443 881 2477 ducentis
903 2443 1037 2479 Marcis.
1068 2449 1101 2478 ut
1120 2447 1318 2490 premittitur
1336 2443 1601 2490 exsoluerentur‚
1623 2440 1749 2476 Dantes
1766 2440 1827 2475 sibi
1852 2445 1984 2475 nostras
2004 2444 2158 2487 patentes

289 2504 400 2539 literas
429 2517 529 2551 super
557 2516 610 2549 eo,
640 2507 806 2551 perceptis
835 2507 906 2538 sinc
935 2504 1095 2553 fena-tibus
1125 2508 1156 2540 in
1192 2510 1282 2540 sorte
1310 2508 1443 2539 minime
1472 2502 1688 2538 defalcandis.
1734 2502 1841 2544 Quam
1871 2504 2095 2536 municionem
2124 2504 2158 2535 et

290 2566 384 2599 villas
413 2578 486 2599 cum
528 2566 620 2601 siluis
649 2571 681 2601 et
715 2569 783 2600 suis
825 2568 1039 2612 pertinencijs
1068 2569 1234 2601 vniucrsis
1276 2566 1432 2613 predictis
1464 2563 1602 2598 Illustris
1631 2563 1784 2607 domina,
1820 2564 1954 2598 domina
1983 2562 2156 2597 Elizabeth

291 2625 436 2671 Regina,
480 2627 583 2662 tidelis
612 2632 646 2662 et
687 2627 791 2662 felicis
826 2626 1076 2662 recordacionis
1119 2628 1242 2662 domini
1279 2625 1490 2669 wencezlai,
1521 2625 1657 2660 Bocmie
1692 2630 1724 2660 et
1753 2625 1889 2660 Polonie
1931 2625 2007 2660 olim
2035 2624 2154 2669 Regis‚
