2325 2941
1172 188 1180 189 -
1212 134 1284 169 178

326 258 428 301 gestis
457 255 685 288 detrimentum
713 254 873 297 paciatur.
902 261 1044 285 necesse
1072 253 1133 291 est,
1162 253 1197 283 ut
1223 260 1275 292 ea,
1304 259 1368 293 que
1395 250 1428 282 in
1456 253 1650 295 perpetuam
1678 248 1849 283 educenda
1878 253 1954 283 sunt
1980 250 2173 282 memoriam

326 319 437 362 scripti
467 317 608 348 mimime
637 312 851 349 roborentur.
885 311 970 346 Hinc
999 315 1049 345 est
1076 313 1192 355 igitur,
1229 308 1324 350 Quod
1352 312 1649 343 commutacionem
1676 312 1762 343 inter
1788 320 1867 352 nos.
1903 314 1935 344 et
1968 310 2173 355 religiosum,

327 390 364 411 ac
395 375 618 410 honorabilem
648 377 767 417 virum,
797 373 931 407 fratrem
958 371 1121 406 Jacobum
1150 374 1351 417 prepositum
1378 369 1570 415 Monasterij
1603 370 1833 411 Chunicensis.
1861 370 1985 404 ordinis
2012 381 2175 416 premon-

327 440 505 471 stratensis.
530 436 569 469 de
590 435 684 469 bonis
706 434 790 468 infra
815 436 955 479 scriptis,
978 433 1099 467 factam
1122 432 1162 466 ad
1182 436 1377 478 perpetuam
1391 433 1439 465 rei
1462 434 1667 473 memoriani,
1690 435 1721 465 et
1742 430 1961 464 inuiolabilem
1977 430 2174 465 firmitatem.

327 496 531 544 presentibus
560 496 697 530 fecimus=
726 498 893 529 annotari.
923 505 987 539 que
1012 494 1085 528 talis
1118 497 1184 535 est,
1221 492 1307 538 quod
1339 492 1442 526 dictus
1471 495 1656 538 prepositus
1685 492 1797 525 villam
1825 490 1943 537 prefati
1969 491 2175 535 Monasterij.

327 560 445 592 dictam
474 557 584 603 Hayn.
614 568 688 590 cum
717 559 788 589 iure
816 559 1007 601 patronatus
1036 554 1186 588 Ecclesie
1208 554 1332 587 Sancte
1352 552 1470 593 Marte.
1499 555 1532 586 in
1554 555 1685 598 antiqua
1704 552 1848 591 Brunna.
1874 556 1906 585 et
1926 554 1997 598 ipsa
2012 551 2174 587 Ecclesia.

328 631 365 653 ac
395 618 546 653 omnibus
575 617 718 653 iuribus.
748 615 955 650 utilitatibus.
984 614 1214 661 prouentibus,
1243 619 1275 648 et
1302 615 1532 660 pertinencijs,
1563 613 1603 647 ad
1644 613 1747 647 dictas
1783 613 1967 647 Ecclesiam
1995 617 2027 647 et
2052 613 2175 647 villam.

327 679 569 726 spectantibus.
600 682 630 712 in
660 680 955 711 commutacionem
984 675 1169 710 huiusmodi
1196 675 1292 709 nobis
1321 674 1424 718 dedit,
1461 679 1493 708 et
1520 677 1621 708 cessit
1647 674 1766 718 libere,
1803 674 1843 708 de
1877 673 2017 718 eisdem,
2051 677 2084 707 et
2115 684 2177 708 nos

328 741 416 777 Sibi.
453 745 485 774 et
513 740 598 773 dicto
638 738 842 773 Monasterio
885 737 1084 772 Cbunicensi
1118 736 1204 770 bona
1233 739 1265 770 in
1293 735 1485 778 Brebleins,
1521 746 1582 769 nos
1610 738 1862 780 contingencia,
1899 746 1972 768 cum
2008 734 2178 768 Theloneo

328 802 457 835 ibidem.
487 812 550 846 que
578 803 666 846 prius
696 799 736 833 ad
765 798 914 833 Castrum
943 803 1090 832 nostruin
1124 801 1155 831 in
1184 796 1357 843 Spilberch
1386 799 1623 842 pertinuerunt.
1653 796 1848 830 contulimus
1871 799 1941 829 iure
1969 797 2178 842 proprietatis

331 867 361 897 in
390 867 593 909 perpetuum,
623 860 836 907 possidenda,
864 859 1029 894 volentes.
1058 863 1091 892 ut
1119 858 1265 905 prefatus
1293 860 1481 904 prepositus
1499 861 1531 891 et
1552 868 1764 891 successores
1787 860 1868 891 eius.
1889 857 1963 890 dicti
1985 855 2177 901 Monasterij

329 924 544 958 t'hunicensis
573 924 749 968 prepositi,
779 924 831 967 qui
866 932 925 967 pro
959 925 1106 966 tempore
1140 920 1275 954 fuerint.
1312 930 1349 952 ac
1382 918 1619 952 Monasterium
1658 922 1733 951 ante
1763 918 1893 961 dictum,
1923 916 2051 964 prefata
2077 916 2179 960 bona,

330 989 360 1019 in
383 984 554 1018 Brebleins
583 995 655 1017 cum
673 982 844 1016 Theloneo
866 986 1061 1025 memorato,
1091 985 1123 1015 et
1151 980 1302 1014 omnibus
1337 979 1473 1023 iuribus,
1503 978 1704 1022 utilitatibus.
1734 978 1960 1024 prouentibus.
1989 977 2179 1021 redditibus,

329 1050 359 1079 et
383 1046 595 1091 pertinencijs
620 1043 781 1077 bonorum
802 1047 834 1077 et
856 1042 1016 1077 Thelonci
1038 1041 1272 1088 predictorum,
1295 1044 1326 1074 in
1348 1040 1607 1086 quibuscumque
1629 1043 1810 1074 consistant
1838 1044 1997 1086 perpetuo
2025 1037 2180 1082 habeant,

331 1111 361 1140 ct
390 1105 579 1153 possideant
608 1104 762 1151 pacifice,
797 1108 828 1138 et
858 1107 984 1150 quiete,
1021 1108 1051 1137 et
1080 1114 1178 1137 omne
1207 1105 1273 1136 ius.
1310 1102 1396 1147 quod
1425 1102 1520 1137 nobis
1562 1105 1593 1135 in
1624 1094 1761 1136 'eisdem
1800 1101 1914 1143 bonis,
1950 1105 1980 1135 et
2009 1100 2181 1135 Theloneo

331 1172 508 1213 conpetere
538 1166 727 1209 dinoscitur,
756 1165 811 1199 vel
839 1164 1010 1204 habemus,
1041 1169 1094 1198 aut
1122 1175 1295 1210 possemus
1324 1163 1447 1197 habere
1477 1166 1508 1196 in
1537 1165 1628 1209 ipsis,
1659 1166 1690 1196 in
1723 1162 1843 1196 dictum
1870 1162 2120 1205 Monasterium,
2150 1165 2183 1195 et

331 1228 488 1274 prefatum
519 1230 730 1273 prepositum.
761 1238 799 1260 ac
822 1237 1035 1260 successores
1058 1228 1128 1259 eius
1156 1225 1335 1271 predictos,
1367 1225 1514 1271 plenarie
1534 1223 1784 1267 transferentes,
1806 1235 1924 1258 verum
1947 1226 2021 1269 quia
2044 1222 2181 1257 Illustris

332 1290 462 1323 domina
493 1287 687 1334 Elyzabeth.
717 1287 844 1322 Relicta
873 1286 978 1320 felicis
1007 1289 1177 1320 memorie.
1208 1286 1328 1320 domini
1356 1285 1566 1329 Wencozlai,
1597 1284 1759 1330 quondam
1781 1284 1886 1330 Regis
1907 1283 2045 1318 Boemie
2073 1285 2183 1319 soceri

333 1355 363 1384 et
392 1349 639 1396 predecessoris
667 1351 770 1382 nostri
798 1348 982 1382 Karissimi.
1013 1347 1133 1381 salubri
1164 1347 1258 1381 ducta
1288 1346 1444 1382 consilio.
1475 1350 1505 1379 et
1534 1349 1669 1392 cupiens
1698 1348 1863 1379 seminare
1892 1348 1923 1379 in
1952 1347 2066 1388 terris,
2096 1343 2183 1390 quod

331 1422 403 1444 cum
427 1410 638 1456 multiplicato
660 1409 778 1453 fructu,
808 1409 941 1443 fauente
970 1409 1113 1452 domino,
1145 1409 1342 1453 recolligere
1364 1410 1467 1454 possit
1495 1410 1525 1441 in
1555 1407 1645 1450 celis,
1677 1406 1716 1440 ad
1744 1406 1873 1440 laudem
1895 1405 1947 1440 dei
1969 1410 2002 1440 et
2022 1404 2184 1440 honorem

331 1474 502 1516 genitricis
531 1474 600 1505 eius
630 1470 727 1504 beate
754 1470 860 1504 Maric-
887 1473 1028 1515 virginis
1057 1470 1203 1515 gloriose
1232 1472 1263 1503 in
1293 1468 1409 1503 eodem
1438 1468 1523 1502 loco.
1554 1470 1585 1501 in
1615 1479 1678 1514 quo
1713 1467 1860 1513 predicta
1889 1466 2052 1510 Ecclesia,
2080 1465 2184 1500 Beate

332 1535 469 1577 uirginis
498 1536 547 1565 est
575 1531 700 1575 locata,
735 1531 972 1565 Monasterium
1006 1530 1302 1565 sanctimonialium
1332 1529 1464 1563 (li-dinis
1493 1528 1754 1575 Cystcrciensis.
1790 1527 1928 1562 fundare
1963 1532 1996 1561 et
2029 1526 2184 1561 edificare

334 1593 474 1628 feruenti
503 1593 669 1627 desider'10
698 1592 893 1635 decreuerit,
924 1596 1039 1638 petens
1069 1604 1086 1625 a
1115 1592 1210 1625 nobis
1241 1596 1374 1627 attente.
1405 1595 1437 1624 ut
1466 1589 1525 1624 sibi
1556 1589 1596 1623 ad
1624 1589 1687 1624 hoc
1716 1588 1855 1623 eandem
1884 1588 2081 1632 Ecclesiam,
2110 1598 2184 1622 cum

331 1654 410 1688 Jure
439 1658 629 1700 patronatus
658 1656 760 1700 ipsius
789 1653 868 1688 dare
897 1658 927 1686 et
946 1653 1133 1687 concedere
1154 1653 1379 1697 dignaremur.
1404 1663 1464 1686 nos
1492 1651 1644 1685 volentes
1666 1651 1849 1685 huiusmodi
1877 1653 1948 1685 eius
1975 1650 2183 1693 desiderium,

334 1726 530 1760 promouere
559 1719 590 1749 et
618 1717 822 1749 oracionum.
853 1726 916 1760 qne
944 1717 975 1748 in
1006 1713 1121 1748 codem
1151 1713 1353 1747 Monasterio
1383 1712 1469 1746 sient.
1500 1715 1676 1759 participes
1705 1712 1809 1755 effici,
1839 1715 2012 1758 cupientes
2039 1710 2184 1757 predicte

334 1776 475 1809 domine.
506 1775 690 1810 Ecclesiam
720 1775 891 1821 prefatam.
922 1786 994 1808 cum
1023 1775 1103 1808 ,lure
1133 1779 1325 1821 patronatus
1354 1778 1435 1817 eius,
1466 1778 1497 1808 et
1526 1773 1598 1817 alijs
1627 1773 1777 1807 omnibus
1806 1773 2019 1819 pertinencijS
2048 1774 2115 1806 suis
2144 1771 2184 1805 ad

335 1836 534 1870 fundandum
570 1841 602 1870 ct
641 1836 899 1870 construendum
942 1835 1061 1869 ibidem
1097 1835 1404 1869 Sanctimonialium
1438 1834 1695 1872 litorius-terium,
1738 1838 1814 1868 ante
1855 1833 1993 1869 dictum.
2031 1832 2185 1866 duximus

335 1896 589 1937 conserendam.
625 1897 784 1931 addentes
814 1900 843 1931 ei
873 1897 912 1930 ad
942 1896 1005 1930 boc
1033 1900 1138 1930 eciam
1168 1901 1200 1930 et
1228 1896 1441 1931 conferentes
1470 1907 1567 1941 supra
1602 1898 1803 1929 nominatam
1836 1894 1948 1929 villam
1980 1893 2079 1940 Hayn
2112 1904 2185 1927 cum

335 1960 402 1991 suis
431 1960 644 2003 pcrtinencijS
672 1961 853 2001 vntuersis,
883 1961 915 1992 in
944 1960 1259 1996 commutacionem,
1299 1968 1357 2003 pro
1386 1961 1420 1990 ut
1448 1959 1641 2003 premittitur
1668 1955 1764 1990 nobis
1793 1955 1918 1998 datam,
1954 1965 1993 1988 ac
2021 1954 2184 1998 uolentes,

336 2023 367 2052 ut
403 2018 487 2052 idem
522 2017 777 2053 Illonasterium.
814 2023 846 2053 et
879 2018 1045 2053 abbatissa
1082 2030 1120 2052 ac
1155 2023 1340 2052 conuentus
1374 2017 1585 2059 Monialium,
1621 2028 1683 2063 que
1718 2027 1805 2050 nunc
1839 2019 1931 2058 sunt,
1968 2019 2090 2061 etque
2126 2026 2186 2062 pro

336 2084 482 2125 tempore
511 2078 631 2112 suerint
659 2082 689 2113 in
719 2080 804 2113 dicto
833 2079 1037 2114 Monastcrio
1065 2079 1263 2122 Ecclesiam,
1294 2083 1325 2113 et
1355 2079 1462 2112 uillam
1485 2078 1651 2125 predictas
1673 2089 1747 2112 cum
1768 2076 1847 2110 Jure
1869 2080 2061 2122 patronatus
2085 2078 2187 2122 ipsius

336 2140 478 2173 ecclesie
507 2144 539 2173 et
566 2139 716 2173 omnibus
745 2140 827 2174 aliis.
858 2145 889 2174 et
918 2141 1056 2183 singulis
1084 2140 1228 2175 Juribus.
1259 2139 1485 2186 prouentibus,
1516 2138 1714 2177 utilitatibus,
1743 2142 1775 2171 et
1800 2138 2013 2183 pertinencijs
2042 2139 2186 2183 ipsarum

338 2201 487 2235 Ecclesie
516 2205 548 2234 ct
577 2201 663 2237 ville,
694 2203 724 2234 in
755 2201 1013 2246 puluiscunnpie
1043 2204 1223 2235 consistant
1246 2204 1315 2234 iure
1332 2203 1550 2247 proprietario
1573 2203 1716 2239 teneant,
1739 2197 1895 2234 habeant.
1925 2202 1957 2231 et
1984 2197 2187 2244 possideant,

338 2265 366 2295 in
398 2266 591 2307 perpetuum
620 2261 756 2307 pacifice
785 2267 817 2295 et
845 2265 972 2307 quiete,
1009 2262 1043 2295 ln
1073 2265 1166 2296 cuius
1194 2264 1241 2296 rei
1271 2264 1489 2296 testimonium
1523 2263 1694 2306 presentes
1723 2259 1846 2292 litteras
1881 2258 1969 2301 fieri,
2004 2263 2038 2293 et
2070 2257 2186 2304 Sigitlo

338 2327 448 2356 nostro
479 2325 593 2356 maiori
623 2324 775 2356 iussimus
812 2326 1020 2360 communiri,
1056 2323 1175 2356 Datum
1211 2323 1362 2365 Brunne,
1399 2333 1486 2356 anno
1521 2321 1641 2354 domini
1676 2318 1887 2363 Millessimo,
1923 2319 2185 2362 Trecentesimo,

338 2386 615 2427 vicesimotercio,
645 2382 735 2417 VllJ.
765 2382 841 2416 ldus
870 2383 1085 2429 Septembris.

647 2461 734 2496 (Oi-ig.
761 2462 903 2488 membran.
931 2470 987 2487 cnm
1013 2462 1104 2495 sigillo
1129 2462 1221 2496 majori
1247 2462 1377 2488 bilatcrati
1402 2462 1469 2488 bene
1494 2463 1655 2486 conservato
1681 2459 1704 2486 in
1731 2458 1840 2486 archivo
1865 2459 2021 2487 monasterii
2047 2458 2134 2495 Aula
2158 2457 2186 2485 S.

750 2514 854 2541 Mariae*
881 2514 948 2548 apud
973 2514 1001 2540 C.
1028 2515 1055 2541 tt.
1081 2515 1197 2541 (iubet-n.
1340 2514 1388 2540 sub
1413 2513 1451 2539 ttt.
1478 2513 1509 2539 A.
1531 2519 1557 2539 n.
1577 2512 1604 2538 5.
1630 2512 1776 2540 Excussum
1801 2513 1869 2548 apud
1896 2513 2018 2539 tsstabucz.
2042 2510 2185 2538 Nachricbt

750 2575 800 2593 rou
826 2566 884 2592 dem
909 2566 1172 2593 l'rmnoustratcnscr
1196 2566 1372 2593 Frauenstistc
1397 2574 1428 2592 zu
1454 2564 1565 2591 Kaunitz
1589 2573 1613 2598 p.
1641 2564 1687 2592 33.
1713 2569 1780 2600 etc.)
