2341 3005
1053 161 1126 196 339

150 281 262 311 mento
290 281 453 323 perpetuo
483 276 524 311 de
566 287 737 311 consensu
766 281 799 311 et
827 287 969 311 assensu
998 276 1122 311 domini
1150 279 1216 311 mei
1244 279 1392 322 graciosi
1422 277 1571 324 Dyrislai
1599 277 1688 312 bona
1709 277 1884 312 voluntate
1907 278 2030 313 contuli

148 342 181 372 et
209 337 343 373 donaui.
387 337 438 372 Ne
473 343 583 372 autem
621 338 709 373 hanc
743 332 966 372 donacionem
1009 338 1127 385 aliquis
1159 349 1249 373 nunc
1283 343 1314 373 et
1343 341 1375 373 in
1404 343 1576 385 posterum
1619 342 1839 386 presumserit
1865 350 2031 374 reuocare

148 399 288 434 euidens
331 402 488 446 scriptum
524 411 599 434 cum
635 402 845 446 appensione
887 400 986 445 sigilli
1020 399 1142 434 domini
1178 403 1243 434 mei
1285 403 1444 445 graciosi.
1488 404 1582 435 cuius
1624 402 1780 436 voluntas
1813 404 1970 447 graciosa
1999 405 2030 435 et

147 464 285 508 copiosa
328 461 392 506 hijs
435 462 530 496 dictis
572 461 674 505 affuit,
717 473 863 496 vnacum
893 472 968 496 meo
997 461 1107 506 sigillo
1141 461 1376 496 consideratur
1412 473 1609 509 appensum.
1646 462 1767 497 Datum
1804 462 1934 497 Fulnek
1969 462 2030 498 sub

147 534 236 557 anno
264 526 512 557 incarnacionis
541 522 665 557 domini
693 522 882 558 Millesiino.
913 523 1179 567 Trecentesimo,
1209 526 1378 558 tricesimo
1408 524 1569 568 secundo‚
1598 524 1682 559 feria
1706 525 1854 559 secunda
1876 527 2030 572 proxima

146 589 221 631 post
248 584 369 619 festum
399 587 644 631 assumpcionis
673 584 791 619 Marie.

455 673 544 708 (Orig.
576 674 723 702 membran.
758 684 815 701 cnm
845 675 950 701 dnobus
980 675 1079 709 sigillis
1110 674 1200 710 parvis
1225 678 1251 702 et
1276 683 1309 702 cx
1334 678 1410 710 parte
1435 675 1521 710 ruptis
1552 675 1578 702 in
1603 675 1713 702 archim
1747 676 1903 702 monasterii
1929 675 2030 703 Fulne-

567 726 657 753 censis
683 727 742 755 ord,
768 728 795 755 S.
824 728 968 761 Augustini
994 728 1063 763 apud
1089 728 1116 756 C.
1142 729 1170 755 R.
1198 728 1314 756 Gubern.
1340 728 1433 755 Bruma
1458 729 1507 755 sub
1533 728 1571 756 lit.
1597 729 1625 756 F.
1651 737 1676 756 n.
1706 728 1746 762 1.)

1005 841 1184 877 CDXLIII.

145 911 271 958 Hinco,
313 914 497 958 episcopus
533 911 781 947 Oleniae-ensis.
818 914 998 957 confirmat
1034 915 1244 947 monasterio
1281 913 1385 948 Aulre
1426 913 1465 948 S.
1505 914 1630 949 Marito
1658 915 1691 948 in
1721 913 1879 960 Antiqua
1909 914 2029 949 Brimo

240 965 513 1020 jus-patronatus
541 974 686 1020 capelloe
715 974 753 1009 S.
786 974 961 1020 Prot-opii.
993 974 1120 1008 Datum
1151 975 1278 1020 Proque
1306 975 1391 1009 XII.
1422 976 1571 1010 Kalend.
1606 975 1777 1010 Octobris.
1810 976 1922 1010 1332.

319 1051 465 1118 Hynco
508 1071 561 1106 dei
596 1076 628 1106 et
657 1071 841 1118 apostolice
878 1071 967 1106 sedis
997 1075 1112 1117 gracia
1143 1071 1379 1108 Olomucensis
1408 1073 1609 1120 Episcopus.
1647 1072 1810 1108 Omnibus
1840 1076 1873 1108 in
1902 1085 2030 1120 perpe-

144 1138 247 1178 tuum,
276 1133 368 1168 Inter
395 1133 637 1168 sollicitudines
666 1137 790 1168 nostris
819 1133 965 1168 humeris
995 1133 1226 1168 incumbentes
1254 1137 1382 1181 perpeti
1411 1146 1491 1169 cura
1520 1135 1736 1169 reuoluimus.
1780 1140 1814 1169 vt
1851 1138 2029 1169 vniuersos

146 1184 360 1241 Religionum
389 1195 527 1241 gradusr
571 1198 603 1229 in
634 1195 753 1241 quibus
782 1207 842 1242 per
871 1198 1026 1230 virtutum
1057 1195 1163 1230 studia
1193 1199 1299 1230 eterni
1327 1200 1430 1243 patris
1460 1197 1566 1231 solnm
1596 1200 1808 1243 pertingitur.
1846 1201 2030 1243 sanctaque

145 1261 252 1292 mater
278 1256 433 1291 Ecclesia
462 1261 657 1301 venerature
688 1261 719 1291 et
749 1261 915 1303 tamquam
945 1260 978 1291 in
1007 1257 1111 1291 odore
1140 1261 1313 1292 suauitatis
1336 1261 1367 1292 in
1392 1258 1532 1292 filiorum
1553 1270 1688 1293 suornm
1707 1258 1864 1305 operibns
1881 1262 2030 1293 suauitcr

144 1318 339 1363 delectatur7
370 1321 477 1353 nostri
507 1318 635 1353 fauoris
665 1321 780 1364 gracia
809 1330 1064 1365 prosequamur,
1109 1318 1182 1353 Iloc
1212 1324 1262 1355 est
1291 1320 1378 1365 quod
1408 1320 1559 1366 prol'ecto
1589 1320 1843 1354 considerantes
1875 1323 2030 1367 exquiri—

145 1366 234 1425 mus,⁸
267 1380 308 1415 ad
343 1380 376 1414 id
410 1385 525 1414 nostre
567 1383 688 1414 mentis
725 1380 875 1415 sedulum
909 1380 1114 1415 destinamus
1147 1380 1314 1425 affectum,
1345 1386 1377 1416 et
1405 1385 1494 1416 circa
1530 1382 1606 1416 illud
1636 1382 1786 1427 diligenti
1816 1382 1923 1416 sudio.
1955 1387 2030 1417 stu-

144 1442 307 1488 diosaque
345 1441 526 1488 diligencia
567 1442 761 1487 vigilamus,
804 1442 999 1487 Religiosas
1042 1447 1152 1477 tamen
1194 1454 1358 1490 personas
1393 1446 1565 1490 precipue.
1603 1455 1667 1490 que
1710 1446 1801 1478 iuxta
1836 1449 2028 1490 preceptum

144 1504 396 1550 ewangelicum
425 1515 585 1550 sponsum
615 1492 891 1549 suum‘vigilanti
921 1504 1028 1538 studio
1058 1507 1273 1549 insequentes
1303 1516 1339 1539 se
1369 1504 1500 1539 Christo
1516 1510 1596 1539 voto
1620 1505 1743 1539 celebri
1766 1505 2027 1552 despomlcrnnt.

144 1569 177 1600 in
205 1568 323 1612 spiritu
351 1575 485 1612 quoque
527 1565 737 1609 deuocionis,
780 1564 972 1600 humilitatis
1001 1570 1033 1600 ct
1062 1565 1283 1601 olisernancia
1314 1569 1501 1601 monastice
1539 1566 1713 1613 discipline
1743 1567 1878 1601 domino
1908 1570 2031 1613 iugiter

145 1626 359 1671 famulantur,
389 1626 509 1661 fauore
537 1626 805 1673 complectuntur
833 1627 995 1673 ampliori⁷
1041 1627 1132 1662 Sane
1161 1639 1236 1662 cum
1266 1631 1505 1663 serenissimus
1535 1628 1688 1663 dominus
1718 1633 1845 1665 noster.
1877 1628 2029 1663 dominus

143 1688 318 1723 ,lohannes
356 1688 519 1723 Boliemie
553 1693 585 1723 et
622 1688 760 1723 Polonie
795 1689 870 1723 Rex
901 1700 940 1723 ac
968 1688 1276 1735 Lucemburgensis
1307 1690 1439 1733 Comes„
1484 1690 1525 1724 ad
1555 1690 1709 1724 deuotam
1744 1690 2029 1737 supplicacionem

143 1750 284 1785 Illustris
312 1750 458 1795 domine,
489 1750 624 1785 domine
652 1750 838 1797 Elyzabetli
868 1750 1001 1795 Regino
1030 1750 1137 1785 felicis
1165 1751 1431 1795 recordacionis,
1475 1752 1640 1797 quondam
1677 1752 1801 1786 domini
1831 1751 2029 1787 Wenceslai

144 1811 311 1856 Senioris.,
340 1811 503 1846 Bohemie
533 1816 566 1846 et
594 1811 732 1846 Polonie
767 1812 873 1857 Regis
908 1812 1049 1855 Relicto,
1094 1812 1264 1859 Capellam
1300 1814 1416 1847 Sancti
1449 1813 1602 1860 Procopij
1640 1816 1672 1848 in
1708 1813 1858 1859 Antiqua
1894 1814 2030 1848 Brunua

144 1885 219 1908 cum
247 1873 528 1920 Jurepatronatus
557 1878 590 1909 et
618 1876 707 1908 omni
737 1877 809 1908 iure
839 1886 877 1908 ac
907 1873 1058 1908 libertate
1088 1874 1208 1920 quibus
1237 1874 1277 1908 ad
1308 1878 1413 1921 ipsum
1442 1878 1514 1909 siue
1543 1875 1809 1921 predecessores
1838 1887 1917 1909 suos
1946 1887 2031 1922 pcr-

144 1938 299 1979 tinuerat‚
329 1946 389 1982 pro
418 1946 480 1970 suo
510 1946 551 1969 ac
579 1935 859 1981 predecessorum
889 1947 1026 1970 suorum
1055 1936 1204 1970 remedio
1234 1947 1273 1970 ac
1303 1937 1487 1970 memoriali
1518 1941 1679 1983 perpetuo
1704 1936 1912 1971 Monasterio
1942 1937 2030 1971 Aule

144 1996 269 2032 Sancte
309 1996 418 2031 Marie
460 1999 492 2031 in
536 1996 705 2031 Suburbio
742 1997 893 2031 Ciuitatis
936 1997 1072 2032 Brunne
1114 2000 1188 2041 sito,
1234 1997 1335 2032 Cuius
1363 1997 1559 2043 Monasterij
1604 2002 1676 2045 ipse
1705 1998 1782 2033 Rex
1811 2010 1852 2033 ac
1881 1999 2028 2045 predicta

144 2058 278 2093 domina
313 2057 501 2106 Elyzabeth
535 2058 731 2093 fundatores
774 2062 921 2093 existunt
959 2061 991 2093 in
1020 2070 1177 2105 persona.
1217 2059 1400 2094 Abbatisse
1430 2060 1615 2095 donauerit.
1659 2065 1691 2095 et
1722 2064 1827 2107 ipsam
1859 2060 2028 2106 Capellam

143 2131 219 2155 cum
247 2120 403 2155 omnibus
431 2120 639 2164 vtilitatibus7
670 2120 832 2154 fructibus
861 2124 891 2154 et
922 2120 1138 2167 prouentibus
1167 2124 1350 2165 vninersis‚
1381 2132 1421 2155 ac
1450 2125 1539 2156 omni
1569 2122 1715 2156 dominio
1744 2125 1776 2156 in
1812 2122 2028 2156 Abbatissam

141 2186 175 2216 et
204 2181 415 2217 Conuentum
444 2185 547 2229 ipsius
575 2181 772 2227 Monasterij
805 2182 1005 2216 transtulerit
1049 2182 1148 2229 pleno
1178 2186 1259 2227 inre,
1304 2187 1422 2230 petens
1451 2195 1525 2218 cum
1556 2187 1733 2225 instanciaq
1776 2188 1812 2218 vt
1845 2183 2027 2230 predictam

143 2243 368 2278 donacionem
395 2247 429 2278 et
456 2243 718 2278 translacionem
748 2243 952 2290 approbare.
984 2247 1193 2278 auctorizare
1222 2249 1256 2279 et
1283 2244 1483 2279 confirmare
1512 2250 1610 2292 prout
1638 2245 1680 2280 ad
1716 2250 1864 2280 nostrum
1899 2249 2028 2291 spectat

143 2304 289 2340 officium
319 2305 548 2350 dignaremur.
578 2305 650 2340 Nos
679 2316 813 2352 quoque
842 2316 944 2351 super
972 2304 1035 2339 lioc
1065 2306 1215 2347 diligenti
1243 2310 1277 2340 et
1304 2311 1432 2341 matura
1463 2306 1712 2341 deliberacione
1747 2306 1921 2353 prehabita
1952 2306 2028 2341 llo—

143 2367 341 2401 norabilium
384 2369 546 2410 virorum3
590 2367 799 2401 dominorum
828 2366 1012 2402 Jenczonis
1041 2367 1172 2411 decani,
1217 2367 1381 2402 Sboronis
1410 2371 1569 2415 prepositi
1599 2368 1738 2403 Andrce
1771 2368 2026 2415 Areliydiaconi

143 2428 336 2474 Tociusque
370 2432 485 2462 nostre
528 2427 763 2463 Olomucensis
792 2428 946 2463 Ecclesie
975 2428 1128 2475 Capituli,
1171 2429 1354 2464 accedente
1383 2433 1619 2464 conniuencia.
1650 2430 1791 2463 consilio
1821 2442 1860 2463 ac
1890 2430 2028 2476 speciali

142 2500 311 2524 consensu
341 2489 382 2523 ad
411 2489 542 2524 laudem
574 2494 605 2524 et
634 2490 776 2535 gloriam
806 2490 908 2524 diuini
936 2493 1092 2525 nominis.
1123 2495 1156 2525 et
1183 2490 1226 2525 ob
1255 2495 1490 2526 reuerenciam
1513 2494 1725 2526 sanctissime
1743 2490 1850 2525 Marie
1871 2494 2025 2533 virginis-

143 2562 161 2586 a
190 2562 254 2597 qua
284 2550 454 2598 plenitudo
496 2555 603 2585 tocius
640 2552 756 2586 salutis
793 2557 824 2587 et
853 2554 970 2592 gracie
999 2555 1181 2587 emanauit.
1219 2552 1320 2587 Cuius
1350 2554 1455 2600 tytulo
1485 2554 1668 2600 predictum
1696 2551 1940 2587 Monasterinm
1971 2556 2027 2587 in-

144 2615 298 2657 signitur,
334 2613 516 2659 predictam
547 2612 719 2659 Capellam
750 2614 865 2647 Sancti
896 2613 1050 2660 l'rocopij
1081 2625 1154 2648 cum
1184 2614 1464 2661 Jurepatronatns
1494 2614 1648 2649 omnibus
1677 2614 1885 2658 vtilitatibns7
1920 2614 2027 2649 liber—

142 2674 276 2717 tatibus,
307 2679 339 2708 ct
367 2677 456 2709 omni
487 2674 552 2708 alio
582 2677 665 2717 iure,
696 2677 901 2721 proprietate
930 2679 961 2709 ct
991 2675 1137 2709 dominio
1168 2678 1199 2710 in
1230 2679 1335 2723 ipsum
1366 2676 1604 2711 lllonastcrium
1640 2675 1728 2710 Aule
1764 2675 1890 2710 Sancte
1918 2675 2027 2710 Marie

1756 2736 1815 2766 43⁴
