2325 2941
1217 132 1287 167 102

319 250 393 285 fidei
424 254 661 284 incrementum
690 249 888 282 soliditatem
917 252 949 282 et
977 252 1107 282 statum.
1139 246 1287 293 Cumque
1315 246 1357 280 de
1384 245 1558 292 prudentie
1586 250 1701 280 vestre
1729 245 1889 279 industria
1924 244 1965 279 de
1993 256 2057 290 qua
2085 244 2183 279 nobis

318 324 336 346 a
366 312 429 346 lide
457 311 566 355 dignis
595 314 627 343 et
655 308 835 343 maioribus
875 313 1064 343 vestrorum
1105 307 1256 342 ordinum
1298 306 1462 341 laudabile
1504 309 1728 341 testimonium
1768 305 1960 352 perhibetur
1987 306 2119 352 plenam
2147 308 2181 340 in

318 373 461 407 Domino
491 371 671 405 habeamus
700 375 836 417 propter
863 370 951 416 quod
979 372 1195 412 ministerium
1225 373 1373 403 vestrum
1403 367 1444 402 ad
1472 367 1504 401 id
1531 367 1721 414 specialiter
1749 366 1983 413 exequendum
2011 371 2044 401 et
2071 366 2182 401 debite

319 445 357 467 ac
386 437 481 480 prout
510 434 589 466 tanti
618 434 743 477 negotii
771 434 907 477 requirit
936 430 1082 464 arduitas
1110 429 1291 475 vigilanter
1318 433 1350 463 et
1379 428 1519 464 sollicite
1546 427 1815 474 prosequendum
1848 427 2022 472 elegimus,
2052 427 2186 462 discre-

319 497 396 528 tioni
425 497 538 527 vestre
567 503 627 539 per
649 492 832 538 apostolica
861 494 982 538 scripta
1011 490 1071 525 sub
1092 493 1214 524 virtute
1235 494 1353 525 sancte
1379 489 1567 524 obedientie
1588 488 1724 524 firmiter
1745 488 1962 535 precipiendo
1990 488 2186 523 mandamus

321 559 350 589 in
386 557 617 588 remissionem
658 553 755 587 vobis
797 555 1029 599 peccaminum
1071 554 1284 596 inlungentes
1325 553 1478 597 quatinus
1518 549 1743 596 Inquisitionis
1787 549 1931 584 officium
1973 551 2006 583 in
2047 548 2186 596 prefatis

319 615 514 649 Civitatibus
543 619 575 649 et
602 614 698 648 Dioc.
731 616 826 648 terris
855 618 886 647 et
915 613 997 647 locis
1026 617 1142 647 contra
1171 611 1339 646 hereticos
1367 611 1544 646 credentes
1572 610 1720 646 fautores
1743 610 1940 645 defensores
1968 614 2001 644 et
2026 614 2188 656 recepta-

318 681 406 710 tores
435 687 550 709 eorum
579 678 669 709 iuxta
692 675 832 709 formam
850 673 1023 708 Canonum
1044 678 1075 708 et
1103 676 1332 707 auctoritatem
1354 672 1510 706 fratribus
1532 676 1719 706 vestrorum
1743 671 1904 706 Ordjnum
1931 670 2186 717 Inquisitoribus

320 736 506 770 huiusmodi
547 738 720 782 pravitatis
762 735 926 781 deputatis
969 737 1164 768 auctoritate
1206 733 1400 780 apostolica.
1443 737 1475 767 et
1503 736 1717 779 imposterum
1760 731 1956 779 deputandis
1985 743 2187 767 concessam

318 798 458 832 solerter
485 801 518 831 et
545 797 684 831 sollicite
713 798 834 842 exequi
864 795 1037 830 studeatis.
1080 795 1151 830 Nos
1181 798 1268 829 enim
1310 805 1373 829 vos
1415 794 1456 828 ad
1484 794 1647 840 prefatum
1690 793 1835 828 officium
1877 783 2112 839 exequendum
2153 795 2186 827 in

317 859 399 892 locis
428 863 458 892 et
488 857 634 904 partibus
676 857 736 891 illis
778 868 942 903 expresse
984 857 1139 890 duximus
1181 856 1400 902 deputandos,
1444 867 1482 889 ac
1518 855 1606 889 illam
1646 859 1842 901 potestatem
1885 859 1915 889 et
1957 856 2188 888 auctoritatem

318 919 443 954 habere
471 930 534 953 vos
564 918 717 953 volumus
747 921 778 952 in
808 918 955 964 partibus
978 922 1010 952 et
1031 918 1114 951 locis
1137 917 1263 951 eisdem
1286 928 1349 963 que
1371 916 1528 951 fratribus
1554 921 1741 951 vestrorum
1763 916 1913 950 ordinum
1935 914 2189 962 Inquisitoribus

318 983 492 1027 pravitatis
520 979 668 1014 heretice
697 982 728 1013 in
758 979 830 1013 aliis
859 979 941 1013 locis
971 983 1004 1012 et
1031 981 1215 1025 provinciis
1242 981 1274 1012 in
1297 977 1414 1024 quibus
1443 989 1518 1012 eam
1547 981 1709 1012 exercent
1728 980 1876 1023 poscitur
1903 988 1980 1011 esse
2009 987 2187 1020 concessa,

318 1053 357 1075 ac
387 1044 417 1075 in
447 1043 647 1075 executione
675 1040 898 1086 predictorum
927 1039 1058 1086 plenam
1087 1039 1185 1074 vobis
1214 1039 1428 1073 concedimus
1458 1042 1548 1072 iuxta
1578 1038 1718 1072 formam
1752 1038 1941 1072 Canonum
1958 1042 2075 1072 tenore
2102 1049 2188 1084 pre-

318 1105 459 1137 sentium
489 1102 689 1136 facultatem.
720 1101 761 1135 Et
782 1104 858 1147 quia
888 1104 1145 1147 extirpationem
1172 1100 1395 1147 predictarum
1424 1099 1580 1134 heresum
1603 1094 1667 1145 que
1689 1102 1721 1133 in
1744 1099 1807 1133 illis
1829 1098 1976 1145 partibus
1997 1099 2189 1145 periculose

320 1163 477 1209 pullulare
506 1163 658 1197 dicuntur
686 1167 717 1197 et
747 1166 985 1196 incrementum
1007 1161 1178 1196 Catholice
1206 1161 1281 1195 fidei
1309 1161 1457 1196 zelamus
1486 1172 1530 1195 ex
1558 1160 1659 1194 corde
1687 1160 1841 1195 volumus
1872 1165 1905 1194 et
1931 1159 2126 1195 mandamus
2154 1164 2191 1194 ut

318 1224 511 1270 frequenter
539 1224 579 1258 de
608 1229 695 1259 statu
724 1224 799 1258 fidei
829 1226 861 1258 in
898 1223 961 1257 illis
995 1222 1143 1269 partibus
1178 1227 1211 1256 et
1242 1225 1443 1257 executione
1477 1225 1582 1257 vestri
1616 1221 1715 1256 officii
1748 1233 1810 1256 nos
1839 1221 2020 1255 informare
2048 1223 2186 1256 curetis.

322 1285 360 1319 [t
389 1288 415 1319 si
445 1297 504 1331 per
546 1296 605 1319 nos
635 1285 675 1319 ad
717 1287 975 1331 extirpationem
1017 1283 1220 1330 prefatarum
1262 1283 1416 1318 heresum
1451 1288 1482 1317 et
1512 1283 1734 1317 hereticorum
1775 1282 1980 1317 credentium
2021 1281 2188 1317 fautorum

319 1346 532 1380 defensorum
575 1351 606 1380 et
647 1350 892 1392 receptatorum
934 1348 1081 1391 ipsorum
1130 1345 1430 1387 conculcationenn
1473 1344 1560 1378 aliud
1601 1343 1785 1378 remedium
1833 1343 1983 1378 adhiberi
2024 1347 2189 1389 oporteat,

319 1406 488 1441 certificati
519 1418 578 1452 per
606 1418 668 1441 vos
698 1410 862 1453 possimus
891 1406 992 1441 oflicii
1022 1409 1125 1441 nostri
1155 1406 1300 1440 debitum
1330 1409 1361 1439 in
1390 1405 1548 1452 predictis
1576 1410 1608 1439 et
1637 1416 1676 1440 ea
1706 1403 1977 1450 contingentibus
2012 1403 2192 1439 salubriter

321 1471 489 1515 impertiri.
521 1468 640 1502 Datum
669 1469 840 1502 Avini‹)ne
868 1468 1028 1502 Kalendis
1057 1467 1135 1501 Maii
1164 1468 1266 1501 Anno
1296 1466 1465 1501 Secundo.

490 1529 528 1563 In
557 1530 698 1563 eundem
726 1530 857 1563 modum
886 1529 1037 1563 Dilectis
1063 1529 1147 1572 liliis
1178 1529 1284 1563 Colde
1313 1529 1574 1562 Predicatorum
1600 1531 1634 1562 et
1649 1528 1866 1562 Hartmaimo
1883 1527 2040 1562 Pilnensi
2065 1526 2189 1562 Mino-

321 1602 390 1623 rum
423 1590 583 1624 Ordinum
609 1590 779 1634 fratribus
807 1594 872 1624 ete.
904 1590 976 1624 Pre
1005 1591 1136 1623 emec-lis
1164 1593 1282 1624 nostre
1311 1591 1432 1624 mentis
1460 1593 1526 1623 etc.
1556 1593 1592 1623 ut
1622 1591 1654 1623 in
1677 1590 1842 1634 prox-ima
1871 1589 2046 1634 superiori
2080 1599 2188 1634 usque

321 1655 354 1684 et
383 1651 545 1685 limitibus
566 1651 749 1685 Terrarum
780 1653 929 1696 ipsarum
953 1653 1120 1696 precipue
1149 1653 1182 1684 in
1198 1651 1372 1696 Pruyensi
1398 1655 1432 1684 et
1450 1650 1668 1685 Olomucensc'
1693 1649 1899 1684 Ce'citatibus
1914 1653 1949 1684 et
1964 1648 2066 1684 Dioc.
2097 1649 2187 1684 adeo

322 1712 473 1746 heretice
503 1712 716 1756 infidelitatis
744 1712 971 1746 diversimode
1000 1716 1064 1746 ete.
1097 1724 1202 1758 usque
1239 1712 1474 1758 Inquisite'ouis
1512 1713 1661 1756 officium
1696 1713 1730 1745 in
1753 1712 1904 1756 prefatis
1932 1711 2055 1756 Reqno
2087 1710 2191 1745 Civi-

323 1772 450 1807 tatibus
478 1777 511 1807 et
541 1773 642 1807 Dioc.
678 1774 794 1807 Terris
823 1777 857 1808 et
887 1774 971 1808 loeis
1000 1777 1065 1808 cte.
1091 1785 1158 1818 per
1186 1777 1303 1808 totum.
1334 1773 1465 1808 Datum
1495 1777 1531 1806 ut
1558 1784 1674 1818 supra.

633 1853 685 1883 (Ex
711 1854 882 1888 autographo
906 1853 1026 1888 Regesto
1050 1853 1182 1880 johannis
1207 1861 1282 1888 papa·
1307 1852 1388 1879 xxti.
1414 1851 1474 1878 anni
1501 1852 1530 1879 ll.
1556 1855 1623 1886 part.
1650 1851 1668 1878 Ι.
1695 1860 1756 1886 pag.
1784 1851 1854 1879 316.
1882 1850 1955 1879 317.
1974 1850 2067 1886 'epist
2097 1849 2189 1879 1055.

737 1906 761 1932 in
788 1906 936 1932 Tabulariis
962 1905 1101 1932 Vaticanis
1126 1905 1243 1940 copim-it
1270 1906 1313 1932 Dr.
1340 1905 1366 1932 B.
1393 1904 1504 1937 Dudik.)

1174 2017 1343 2052 CXXXII.

320 2092 509 2127 Johnnnes.
537 2104 631 2137 papa
654 2093 774 2127 XXII.
792 2094 931 2127 mamlat
959 2095 1130 2139 episeopis
1160 2092 1403 2127 Kralcoriensi.
1434 2092 1633 2126 iilis-sinens&
1655 2096 1689 2126 et
1708 2092 1934 2128 otomucensi,
1950 2094 1987 2124 ut
2015 2091 2185 2126 institutis

413 2153 655 2187 inraleseentis
684 2153 731 2187 ibi
758 2154 930 2189 luereseos
959 2154 1216 2200 inquisitoribus
1245 2157 1424 2189 assistant.
1454 2153 1515 2188 DI.
1546 2154 1718 2187 Ariuione
1747 2152 1827 2186 Kal.
1859 2151 1947 2186 Maii
1976 2150 2088 2186 1318.

493 2237 687 2293 :lohannes
716 2258 902 2305 Episcopus
931 2260 1059 2294 Servus
1095 2260 1277 2294 Servorum
1314 2259 1376 2294 Dei
1411 2258 1601 2293 Venerabili
1636 2258 1744 2292 Fratri
1776 2285 1783 2291 .
1817 2284 1823 2290 .
1855 2256 2024 2304 Episcopo
2055 2256 2190 2292 Gracu-

320 2323 428 2354 viensi
459 2320 606 2353 Salutem
650 2324 682 2353 et
710 2320 925 2365 apostolicam
969 2321 1245 2355 benedictionem.
1291 2322 1371 2356 Cum
1408 2321 1492 2355 illius
1534 2321 1676 2366 pastoris
1719 2321 1841 2364 pariter
1882 2322 1914 2352 ct
1941 2318 2102 2361 custodis,
2131 2320 2187 2365 qui

321 2385 464 2415 animam
492 2392 585 2415 suain
616 2392 674 2427 pro
704 2380 823 2414 ovibus
865 2384 933 2415 suis
964 2385 1085 2427 posuit.
1117 2387 1149 2416 ct
1177 2385 1231 2428 qui
1274 2394 1317 2416 ex
1348 2381 1409 2416 hiis
1438 2392 1519 2427 quas
1556 2384 1650 2426 pater
1679 2379 1739 2413 sihi
1770 2379 1917 2423 dederat,
1946 2379 2092 2426 aliquam
2120 2390 2187 2414 non

322 2445 464 2485 ammisit
492 2445 586 2476 vices
615 2442 688 2475 licet
719 2444 870 2475 immeriti
913 2454 1070 2482 geramus
1100 2446 1129 2477 in
1160 2446 1256 2477 terris
1299 2448 1331 2477 ut
1367 2454 1426 2489 pro
1467 2441 1593 2476 viribus
1635 2443 1813 2475 commisse
1856 2443 1941 2476 vicis
1983 2451 2192 2486 exequamur

321 2502 464 2536 osticium
495 2508 646 2537 tenemur
674 2514 775 2549 super
802 2514 942 2547 gregem
973 2502 1162 2537 humilitatis
1192 2509 1304 2538 nostre
1333 2515 1412 2537 cure
1448 2504 1673 2537 commissum.
1709 2505 1814 2536 noctis
1852 2501 2019 2536 custodire
2053 2501 2189 2546 vigilias

323 2568 353 2596 ut
384 2564 466 2609 lupis
495 2564 705 2598 molientibus
734 2563 878 2610 diripere
906 2575 1046 2608 gregem
1078 2567 1181 2610 ipsum
1211 2565 1351 2599 obviare
1381 2568 1448 2598 toto
1477 2565 1653 2597 conamine
1681 2567 1887 2607 satagamus.
1911 2567 1944 2598 et
1965 2562 2055 2597 velut
2076 2566 2189 2597 custos

321 2635 379 2657 scu
409 2628 505 2658 etiam
549 2625 737 2671 speculator
779 2627 969 2658 instruimur
997 2635 1055 2658 orc
1097 2624 1290 2671 prophetico
1332 2635 1433 2670 snper
1461 2623 1630 2670 speculam
1673 2626 1794 2669 iugiter
1823 2629 1912 2659 stare
1954 2635 2013 2671 per
2040 2623 2128 2658 diem
2155 2627 2189 2658 et
