2325 2941
1217 148 1286 182 198

322 266 565 308 possessiones.
600 264 730 303 vineas,
765 266 871 307 prata,
906 272 1042 307 pascua,
1081 272 1230 305 nemora,
1259 265 1419 305 maneria,
1453 263 1652 303 molendina,
1682 274 1815 306 census,
1844 264 2000 308 redditus,
2030 268 2063 298 et
2089 274 2174 310 pro-

323 329 452 361 venius.
481 325 669 368 pensiones,
699 325 782 365 iura,
812 322 1066 360 iurisdictiones.
1096 327 1128 356 et
1156 323 1311 356 nonnulla
1340 323 1403 356 alia
1432 323 1518 357 bona
1547 323 1678 357 mobilia
1707 328 1740 358 et
1773 324 1949 359 immobilia
1985 325 2026 359 ad
2055 325 2174 359 dictum

323 387 566 418 monasterium.
597 388 628 417 et
656 383 697 417 ad
727 383 788 417 alia
818 383 977 429 prelibata
1007 382 1154 417 eiusdem
1183 383 1330 418 membra
1353 387 1547 429 spectantia,
1576 396 1635 419 seu
1658 384 1774 418 eadem
1791 384 2175 432 detinentibusprestant

322 445 477 478 auxilium
506 444 679 477 consilium
708 444 760 478 vel
791 444 953 478 favorem.
983 443 1136 477 Nonnulli
1166 447 1264 478 ctiam
1295 444 1469 478 Civitatum
1498 449 1530 479 et
1556 445 1690 479 Dioces.
1721 450 1754 479 et
1780 448 1919 491 partium
1954 446 2173 492 predictarum

321 508 372 550 qui
402 516 522 538 nomen
551 504 683 538 Domini
713 507 744 538 111
774 516 916 538 vacuum
944 507 1095 550 recipere
1124 516 1190 538 non
1220 504 1407 545 formidant,
1438 505 1531 540 dictis
1559 505 1683 540 Abbati
1712 510 1743 540 et
1773 506 1958 540 Conventui
1974 509 2006 540 in
2023 508 2173 541 ecclesiis

320 568 533 611 preposituris
549 565 760 599 Prioratibus.
779 564 934 611 (apellis.
952 568 1112 610 grangiis.
1131 565 1265 600 Castris.
1282 566 1459 609 casalibus,
1476 566 1574 610 villis,
1591 566 1752 610 domibus,
1770 569 1875 610 terris,
1892 567 2172 612 possessionibus,

319 629 438 659 viiieis.
469 629 582 671 pratis.
613 629 757 672 pascuis.
789 626 991 665 nemoribus,
1021 629 1189 669 maneriis,
1219 627 1428 669 molendinis,
1458 626 1625 671 censibus,
1660 627 1852 666 redditibus,
1887 632 1919 661 et
1946 627 2172 673 proventibus,

318 686 545 732 pensionilnis.
576 687 709 720 iuribus.
741 686 1031 727 iurisdictimiilnis,
1062 698 1100 721 ae
1129 687 1224 721 bonis
1253 688 1401 734 prefatiS,
1432 692 1465 722 et
1493 687 1593 722 rebus
1622 688 1694 722 aliis
1723 688 1763 722 ad
1791 687 2031 722 Monasterium
2068 691 2171 735 ipsum

318 752 349 781 et
377 747 523 781 membra
555 751 655 794 ipsius
684 747 909 793 spectantibus
938 748 1133 793 multiplices
1162 751 1298 783 iniurias
1328 748 1471 783 inserunt
1499 753 1531 783 et
1559 751 1712 783 iacturas.
1751 748 1863 790 Quare
1893 749 1968 783 dicti
1996 748 2113 784 Abbas
2142 754 2174 783 et

318 808 510 842 Conventus
552 808 646 842 nobis
676 808 839 843 humiliter
867 809 1092 854 supplicarunt
1120 814 1153 843 ut
1181 820 1254 843 eum
1284 809 1383 843 valde
1413 809 1546 844 difficile
1578 809 1734 844 reddatur
1774 810 1899 844 eisdem
1933 821 1993 856 pro
2035 810 2173 855 singulis

317 869 458 914 querelis
497 869 535 902 ad
566 869 783 915 apostolicam
821 869 933 903 sedem
968 869 1092 904 babere
1127 881 1297 905 recursum
1333 871 1510 916 providere
1539 873 1588 905 eis
1617 882 1717 917 super
1744 870 1807 905 hoc
1836 870 2171 920 paternavdiligentia

316 941 518 963 curaremus.
549 930 618 963 Nos
648 933 746 975 igitur
774 930 936 964 adversus
965 936 1185 977 occupatores
1215 931 1404 966 detentores
1432 936 1680 978 presumptores
1708 932 1938 966 molestatores
1972 937 2004 966 et
2031 934 2173 966 iniuria—

317 996 404 1024 tores
433 990 615 1024 huiusmodi
646 991 698 1024 illo
728 992 879 1026 volentes
909 995 956 1025 eis
986 992 1133 1026 remedio
1163 992 1354 1029 subvenire,
1384 1004 1444 1039 per
1472 992 1558 1038 quod
1588 995 1733 1039 ipsorum
1750 997 1981 1039 compescatur
2005 996 2172 1027 temeritas

315 1056 343 1085 et
374 1052 445 1085 aliis
474 1052 579 1085 aditus
608 1053 829 1086 committendi
859 1053 975 1087 similia
999 1053 1208 1099 precludatur
1223 1053 1414 1087 discretioni
1432 1059 1546 1089 vestre
1561 1065 1621 1100 per
1635 1054 1816 1100 apostolica
1837 1057 1958 1100 scripta
1978 1047 2172 1089 mandamus

315 1116 466 1157 quatinus
502 1124 576 1147 vos.
614 1113 665 1147 vel
702 1113 777 1148 duo.
817 1118 870 1147 aut
904 1125 989 1147 unus
1023 1119 1187 1149 vestrum.
1222 1126 1281 1160 per
1314 1126 1376 1149 vos
1408 1115 1462 1149 vel
1496 1114 1593 1149 alium
1627 1126 1686 1149 seu
1715 1114 1797 1149 alios
1827 1117 1954 1149 etiamsi
1983 1117 2047 1149 sint
2075 1119 2171 1149 extra

317 1174 387 1207 loca
417 1176 446 1207 in
477 1174 593 1219 quibus
622 1174 764 1220 deputati
803 1178 882 1209 estis
920 1175 1195 1213 Conservatores,
1226 1181 1258 1209 et
1285 1176 1409 1210 iudices
1438 1176 1563 1210 eisdem
1592 1175 1716 1209 Abbati
1744 1180 1776 1209 et
1804 1175 1988 1210 Conventui
2024 1175 2171 1210 efficacis

317 1235 520 1268 defensionis
554 1235 699 1280 presidio
741 1239 938 1270 assistentes
974 1247 1039 1270 non
1074 1239 1268 1282 pernuttatis
1305 1248 1364 1270 eos
1401 1249 1501 1284 super
1535 1236 1596 1271 hiis
1625 1241 1657 1271 et
1689 1236 1888 1282 quibuslibet
1915 1237 1986 1271 aliis
2014 1236 2110 1271 bonis
2139 1241 2172 1271 et

315 1296 436 1328 iuribus
465 1296 505 1329 ad
535 1299 622 1341 ipsos
652 1308 710 1330 seu
740 1296 861 1330 dictust
888 1296 1127 1331 Monasterium
1146 1302 1177 1331 et
1199 1298 1344 1332 membra
1363 1301 1464 1344 ipsius
1485 1297 1709 1344 spectantibus
1726 1297 1767 1331 ab
1783 1297 1908 1332 eiSdem
1924 1302 1956 1332 et
1974 1297 2172 1343 quibuslibet

313 1357 384 1389 111115
418 1357 560 1390 indebite
598 1357 773 1391 molestari.
811 1358 864 1391 vel
899 1361 947 1391 cis
984 1361 1193 1402 gravamina.
1232 1371 1289 1393 seu
1325 1359 1465 1405 dampna
1499 1363 1553 1393 aut
1587 1362 1722 1393 iniurias
1756 1361 1898 1403 irrogari
1938 1357 2056 1393 facturi
2090 1361 2171 1405 ipsis

314 1417 433 1450 Abbati
469 1422 499 1451 et
534 1421 731 1452 conventui.
774 1430 847 1452 1·11111
883 1418 924 1453 ab
959 1422 1007 1453 eis
1042 1419 1094 1453 vel
1129 1431 1243 1453 eorum
1279 1420 1404 1466 aliquo,
1452 1431 1511 1454 seu
1551 1424 1767 1466 procuratore
1807 1424 1862 1453 aut
1900 1419 2171 1465 procuratoribus

313 1478 492 1511 eorundem
523 1478 648 1512 I'ueritis
677 1482 820 1524 requisiti
852 1480 891 1513 de
920 1480 1075 1525 predictis
1105 1485 1136 1514 et
1165 1481 1236 1515 aliis
1266 1484 1416 1527 personis
1445 1481 1642 1527 quibuslibet
1669 1484 1769 1527 super
1801 1483 2008 1515 restitutione
2042 1491 2172 1527 prepo-

312 1542 496 1572 situraruni.
538 1540 752 1574 l'rioratuum.
792 1541 1025 1577 ‹ra-clesiarum,
1065 1541 1347 1587 Camellaniarum„
1378 1545 1610 1587 grane-iarum,
1654 1542 1934 1581 obedientiarum,
1972 1546 2169 1585 castrorum,

311 1600 483 1635 casalium.
527 1601 688 1643 villarum,
728 1601 917 1643 domorum,
956 1605 1223 1647 possessionum,
1267 1606 1457 1639 vlnearum.
1501 1608 1686 1649 pratorum,
1724 1614 1942 1648 pascuorum,
1985 1613 2168 1646 nemorum,

313 1661 584 1695 molendinorum.
615 1674 785 1699 censuum,
816 1666 1077 1708 possessioiuun.
1102 1666 1227 1705 iuriam,
1251 1664 1523 1701 iurisdictioinim,
1540 1669 1571 1697 et
1593 1664 1729 1697 aliorum
1752 1663 1913 1697 bonorum
1935 1663 2168 1710 predictorum,

313 1722 493 1755 reddituum
535 1734 665 1768 quoquc
700 1728 732 1757 et
767 1728 986 1769 proventuum
1015 1729 1047 1758 et
1075 1725 1211 1758 aliorum
1241 1736 1523 1771 qnorumcumque
1556 1724 1719 1759 bsmorum
1749 1729 1781 1758 et
1813 1736 1922 1758 rerum
1951 1735 2015 1758 nce
2042 1735 2107 1758 non
2137 1728 2169 1758 et

313 1782 507 1826 ‹piibuslibet
546 1786 688 1819 iniuriis.
724 1785 884 1818 molestiis
920 1789 1017 1830 atque
1055 1785 1218 1832 dampnis,
1254 1786 1462 1832 presentibus
1497 1791 1529 1820 et
1563 1785 1690 1820 suturis.
1727 1785 1762 1819 In
1801 1785 1861 1819 illis
1896 1785 2061 1828 videlicet,
2104 1795 2168 1830 que

314 1842 495 1877 iudicialem
526 1847 693 1889 requirunt
723 1845 913 1885 indaginem
944 1846 984 1879 de
1014 1847 1111 1892 plano
1140 1849 1213 1881 sine
1242 1850 1377 1893 strepltu
1412 1852 1444 1881 et
1472 1847 1577 1891 ligura
1616 1846 1735 1881 iudicii.
1775 1846 1811 1880 In
1848 1846 1919 1881 aliis
1953 1856 2037 1881 Vero
2072 1849 2169 1891 prout

312 1904 449 1948 qualitas
487 1907 629 1950 ipsorum
673 1909 774 1944 exie-it
820 1909 938 1940 iustitie
980 1907 1275 1953 complementum„
1317 1909 1546 1954 occupatores
1581 1920 1639 1942 seu
1676 1907 1882 1950 detentores,
1924 1906 2166 1949 molestatores,

313 1969 566 2010 presunqdores.
597 1971 627 2000 et
657 1969 865 2000 iniuriatores
895 1967 1077 2002 huiusmodi
1107 1980 1168 2002 nec
1189 1980 1252 2002 non
1270 1969 1534 2003 contradictores
1550 1968 1713 2015 quosbbet
1728 1973 1761 2002 et
1775 1968 1915 2002 rebelles
1930 1969 2166 2013 cuiuscumque

312 2029 413 2058 ¹status
447 2026 570 2059 ordinis
607 2027 656 2060 vel
693 2028 901 2062 conditionis.
939 2032 1065 2063 etiamsi
1109 2029 1413 2075 Arcliiepiscopalis
1452 2030 1507 2064 vel
1544 2029 1754 2076 Episcopalis
1791 2029 1957 2073 dignitatis
1998 2030 2167 2062 extiteriiit

311 2086 584 2132 quandocunupu·
617 2092 647 2120 et
685 2092 954 2135 quotiescumque
990 2090 1177 2136 expedierit
1214 2093 1408 2124 auctoritate
1443 2096 1553 2125 nostra
1595 2091 1814 2137 appellatione
1849 2091 2032 2134 postposita
2066 2100 2166 2123 eom-

312 2147 489 2191 pesccndo.
530 2147 687 2181 lumeni«,
721 2150 760 2182 ad
791 2150 852 2183 lioc
881 2153 906 2184 si
936 2162 1019 2196 opus
1048 2150 1145 2185 suerit
1180 2152 1303 2185 auxillo
1340 2151 1462 2185 brachii
1496 2152 1667 2186 secularis.
1710 2150 1781 2184 Non
1821 2149 2025 2183 obstantibus
2060 2149 2165 2184 seticis

312 2208 539 2241 i·e‹.·or‹lations
567 2208 728 2242 IJonil'acii
764 2210 822 2244 l'l'.
856 2211 931 2245 xm
963 2212 1209 2257 predecessoris
1239 2216 1340 2247 nostri
1371 2216 1401 2247 in
1431 2213 1548 2259 quibus
1576 2217 1713 2246 cavetur
1742 2222 1782 2244 ne
1811 2211 1927 2257 aliquis
1956 2214 2050 2244 extra
2071 2221 2164 2244 suam

311 2271 477 2302 civitatem
508 2273 539 2302 et
567 2269 725 2303 diocesim
754 2274 813 2304 11151
846 2275 875 2305 111
905 2275 1004 2306 certis
1033 2276 1183 2319 exceptiS
1212 2273 1345 2308 casibus
1374 2278 1406 2307 ct
1434 2277 1465 2307 in
1496 2274 1556 2308 illis
1585 2273 1665 2307 ultra
1696 2283 1792 2305 unani
1815 2271 1934 2305 dietam
1963 2282 1982 2305 a
2011 2271 2075 2306 fine
2104 2282 2164 2319 sue

310 2329 453 2362 diocesis
482 2330 521 2363 ad
552 2330 705 2364 iudiciuin
733 2337 905 2372 evocetur,
935 2345 992 2366 seu
1022 2345 1063 2367 ne
1094 2334 1218 2368 iudices
1246 2339 1279 2368 et
1306 2339 1564 2368 conservatores
1593 2345 1609 2366 a
1639 2332 1718 2366 sede
1741 2332 1884 2377 deputati
1905 2332 2050 2378 predicta
2067 2336 2163 2366 extra

311 2390 484 2424 (ivitatem
514 2395 547 2424 et
577 2391 734 2425 diocesim
771 2394 800 2425 111
831 2393 946 2437 1111111115
982 2394 1125 2440 deputati
1157 2394 1286 2433 suerint.v
1316 2400 1430 2429 contra
1460 2405 1684 2441 quoscumqiw
1714 2393 1895 2438 procedere
1924 2396 1997 2428 sive
2025 2392 2080 2427 alii
2108 2392 2164 2428 vel

310 2451 381 2483 aliis
411 2454 502 2485 vices
531 2463 609 2485 suas
637 2454 852 2488 cummim-re.
883 2458 937 2486 aut
965 2455 1092 2500 aliquos
1122 2456 1203 2489 ultra
1233 2467 1331 2489 unani
1361 2456 1479 2490 dietam
1509 2466 1525 2488 a
1557 2454 1619 2487 line
1649 2454 1791 2488 diocesis
1821 2454 2002 2488 eorundem
2033 2453 2163 2488 trahere

311 2517 508 2555 presumant.
540 2513 620 2547 Sive
650 2513 733 2559 quod
764 2513 804 2546 de
833 2514 915 2551 aliis,
945 2526 1040 2559 quani
1071 2516 1110 2549 de
1141 2517 1322 2551 manifestis
1352 2519 1474 2550 iniuriis
1503 2519 1533 2548 et
1563 2515 1721 2548 molesliis
1750 2520 1779 2549 et
1801 2516 1872 2549 aliis
1894 2526 1956 2561 que
1977 2514 2163 2549 iudicialem

312 2572 499 2609 indaginem
530 2576 668 2614 exigunt
697 2577 790 2619 penis
819 2577 849 2607 111
879 2587 937 2607 eos
967 2578 992 2608 si
1023 2588 1118 2610 secus
1147 2581 1277 2615 egerint
1305 2582 1333 2611 et
1365 2580 1394 2610 111
1425 2576 1455 2609 111
1484 2580 1700 2621 procurantes
1735 2576 1871 2610 adiectis
1905 2579 2162 2610 conservatores

310 2643 345 2663 se
376 2633 557 2667 nullatcnus
587 2637 810 2677 intromittant,
840 2635 1015 2669 1111111111111111
1046 2637 1124 2670 ultra
1155 2638 1235 2671 duas
1265 2638 1369 2671 dietas
1398 2637 1513 2682 aliquis
1544 2637 1622 2669 ultra
1645 2648 1736 2670 suani
1760 2638 1933 2670 t'ivuatem
1955 2641 1988 2670 et
2004 2636 2161 2679 diocesim
