2325 2941
1176 131 1248 166 120

279 249 430 281 carnium
459 246 634 280 Ciuitatum
662 249 850 279 nostrarum
878 244 1110 290 Pragensium„
1139 257 1221 291 quas
1250 245 1311 279 sibi
1340 245 1587 280 donaueramus
1617 245 1658 279 de
1687 256 1777 279 mera
1806 245 2001 280 liberalitate
2020 245 2143 291 Regia,

281 307 485 342 conferimus
514 311 545 340 et
574 306 746 349 donamus,
776 305 955 340 tenendum
983 310 1016 339 et
1042 306 1267 340 vusruendum
1296 318 1356 352 per
1383 309 1487 352 ipsam
1516 307 1556 340 ad
1586 311 1736 352 tempora
1755 309 1824 340 vite
1845 318 1917 350 sue,
1940 306 2144 341 Promitten-

281 373 330 402 tes
359 379 418 414 pro
446 367 550 401 Nobis
579 371 611 400 et
639 370 760 401 nostris
801 366 979 401 heredibus
1021 378 1060 400 ac
1102 366 1364 402 Successoribus
1404 366 1491 402 bona
1521 367 1596 411 fide,
1639 378 1713 401 eam
1742 370 1775 401 in
1802 367 1880 402 villa
1909 372 1942 401 et
1970 367 2143 402 Theloneo

281 428 436 475 predictis
464 438 530 461 non
559 427 731 474 impedire.
755 428 813 463 sed
842 431 1004 474 pocius'a
1035 428 1254 473 quorumlibet
1274 428 1450 473 violencijs
1479 433 1511 462 et
1537 430 1666 474 iniurijs
1694 432 1926 472 manutenere,
1947 428 2142 473 defendere,

280 489 468 536 specialiter
496 492 528 522 et
556 491 652 533 tueri,
682 488 719 523 In
748 491 842 523 cuius
870 491 919 522 rei
947 492 1170 523 testimonium
1197 493 1372 535 presentes
1405 489 1530 524 litteras
1564 489 1635 524 fieri
1664 494 1697 523 et
1724 489 1849 534 Sigillis
1883 493 1996 524 nostre
2029 488 2143 524 Maie—

279 553 370 584 statis
412 552 568 584 iussimus
609 552 816 584 communiri.
858 549 980 583 Datum
1022 549 1131 595 Prage
1172 549 1262 585 11110.
1291 549 1406 585 Nonas
1452 550 1609 596 Augusti,
1650 550 1753 585 Anno
1801 550 1925 585 domini
1965 549 2144 586 Millesimo

278 611 544 654 Trecentesimo,
573 610 817 654 Decimonono,
846 610 1044 655 Regnorum
1072 616 1264 646 nostrorum
1291 611 1394 646 Anno
1422 610 1533 645 Nono.

593 690 628 723 (Ε
653 690 730 717 litei-a
755 690 953 717 confirmatoria
978 690 1098 724 ejusdem
1122 690 1196 725 regis
1228 691 1260 717 ab
1284 698 1354 718 anno
1382 689 1472 718 1323.
1498 690 1607 718 Confer.
1633 700 1658 718 n.
1684 691 1833 723 CCXLVI.)

1155 785 1267 821 CLIII.

453 848 660 912 Johannes,
690 880 775 915 papa
797 868 907 903 XXII.
929 868 1103 903 confirmat
1123 873 1413 915 praesentationem
1437 869 1599 904 Johannis
1626 873 1694 904 nati
1714 870 1812 904 clarae
1839 872 2008 904 memoriae
2029 869 2154 905 'Wen-

280 929 383 964 ceslai
411 932 502 974 regis
529 929 613 963 Boh.
644 929 684 963 ad
712 933 964 976 praeposituram
991 930 1317 976 VVysehradensem.
1347 931 1401 965 Dt.
1430 931 1602 965 Avinione
1628 931 1684 965 III.
1708 931 1784 966 Idus
1806 931 2008 966 Novembris
2032 930 2144 966 1319.

591 1009 643 1042 (Ex
669 1009 839 1044 autographo
863 1009 983 1044 Regesto
1006 1009 1139 1036 ,Iohannis
1171 1019 1246 1045 papae
1275 1010 1356 1037 xxii.
1388 1010 1448 1037 anni
1473 1010 1518 1037 lv.
1543 1019 1606 1045 pag.
1635 1009 1704 1038 176.
1736 1010 1816 1046 epist.
1842 1009 1912 1038 264.
1943 1010 1969 1038 in
1993 1010 2141 1038 Tabulariis

695 1061 834 1088 Vaticanis
859 1062 1063 1088 communicavit
1089 1063 1133 1089 Dr.
1159 1062 1187 1090 B.
1213 1062 1323 1096 Dudik.)

1158 1166 1269 1201 CLIV.

279 1239 458 1273 Jolmmzes
482 1251 589 1285 papa,
620 1240 742 1274 XXII.
787 1241 963 1286 dispensat
989 1241 1194 1281 Johannem„
1237 1246 1354 1276 natvm
1395 1242 1501 1276 claroe
1534 1244 1704 1276 memoriae
1738 1244 1830 1288 reqis
1873 1242 2078 1287 Wenceslaz',
2108 1246 2145 1277 nt

283 1301 451 1345 capellam
481 1300 519 1335 S.
550 1301 717 1347 Procopii
742 1304 775 1336 in
805 1304 949 1350 antiqua
978 1302 1099 1337 Brmia
1128 1315 1272 1337 maneum
1301 1304 1380 1337 aliis
1414 1303 1675 1337 canonicalibus
1711 1307 1746 1337 et
1768 1303 1963 1349 praebendis
1992 1305 2145 1338 retinere

728 1365 852 1408 possit.
882 1363 943 1397 Dt.
974 1364 1147 1398 Acim'one
1176 1364 1243 1398 III.
1274 1364 1355 1399 Idus
1384 1364 1566 1399 Nol-embr.
1599 1365 1710 1399 1319.

452 1447 647 1502 ‹lohannes
675 1468 864 1515 Episcopus
893 1468 1026 1503 Servus
1056 1469 1241 1503 Servorum
1270 1470 1331 1504 Dei
1354 1470 1484 1504 Dilecto
1513 1470 1578 1505 silio
1600 1470 1744 1505 Jolianni
1767 1475 1846 1505 nato
1869 1470 1960 1505 clare
1988 1473 2148 1505 memorie

282 1527 493 1575 Wenceslay
527 1529 632 1574 Regis
674 1529 811 1564 Boemie
854 1530 1027 1564 Canonico
1070 1530 1284 1565 olomucensi
1327 1532 1475 1566 Salutem
1517 1537 1549 1566 et
1589 1532 1819 1578 Apostolicam
1860 1531 2145 1566 Benedictionem.

281 1588 462 1623 Personam
492 1594 580 1624 tuam
623 1593 686 1625 tuis
714 1591 928 1636 exigentibus
971 1594 1095 1625 meritis
1137 1603 1238 1638 super
1279 1592 1396 1638 quibus
1426 1593 1511 1639 apud
1552 1604 1614 1627 nos
1643 1593 1864 1639 multipliciter
1904 1593 2149 1627 commendaris

280 1653 437 1696 precipua
467 1650 701 1686 benivolencia
731 1657 986 1698 prosequentes,
1016 1652 1158 1687 libenter
1185 1665 1260 1687 eain
1289 1654 1488 1700 specialibus
1517 1657 1634 1699 gratiis
1662 1659 1694 1688 et
1721 1654 1895 1689 favoribus
1930 1654 2145 1698 honoramus,

282 1715 317 1744 ut
344 1717 466 1756 quanto
495 1712 617 1747 Sedem
647 1714 867 1759 apostolicam
897 1714 952 1748 tibi
983 1714 1202 1749 favorabilem
1232 1718 1414 1754 inveneris„
1437 1720 1526 1749 tanto
1552 1716 1705 1751 devotius
1728 1727 1803 1750 eam
1825 1715 1961 1750 studeas
1983 1718 2146 1750 revereri.

280 1771 368 1806 Hinc
396 1778 445 1807 est
474 1775 559 1819 quod
603 1778 689 1809 sieut
717 1780 770 1809 tue
814 1778 981 1821 petitionis
1024 1779 1130 1811 series
1172 1787 1231 1822 pro
1260 1781 1292 1810 te
1322 1777 1416 1811 nobis
1458 1777 1584 1823 pridem
1626 1777 1773 1811 exhibite
1815 1777 2017 1821 continebat,
2046 1788 2147 1823 super

282 1832 447 1867 desectum
476 1836 632 1869 natalium
661 1848 757 1882 quem
787 1840 912 1883 pateris
956 1837 996 1871 de
1025 1841 1204 1882 coniugato
1247 1841 1380 1883 genitus
1409 1843 1441 1872 et
1468 1841 1660 1883 coniugata.
1690 1838 1778 1884 quod
1820 1849 1861 1872 eo
1896 1849 1962 1872 non
1991 1837 2147 1872 obstante

282 1905 401 1940 posses
430 1896 468 1929 ad
499 1907 614 1931 01111105
643 1898 776 1932 ordines
806 1901 997 1944 promoveri
1027 1903 1059 1932 et
1087 1899 1351 1933 ecclesiasticum
1381 1899 1578 1934 beneficium
1607 1900 1770 1943 obtinere,
1800 1899 1899 1934 suerit
1933 1904 2040 1933 tecum
2070 1899 2147 1933 olim

280 1966 341 2001 per
370 1955 492 1990 Sedem
522 1959 737 2003 apostolicam
767 1959 1004 2005 dispensatum.
1036 1959 1248 1994 Postmodum
1277 1972 1360 1995 vero
1390 1966 1421 1995 tu
1452 1964 1483 1995 111
1512 1961 1673 2004 Pragensi
1703 1961 1918 1995 Olomucensi
1947 1965 1981 1994 et
2006 1960 2150 1995 Wisse-

280 2016 438 2061 gradensi
467 2017 646 2061 l'ragensis
675 2019 828 2054 Dioeesis
858 2021 1011 2055 ecclesiis
1041 2021 1265 2055 Canonicatus
1301 2027 1333 2056 et
1368 2022 1554 2068 prebendas
1584 2034 1622 2056 ac
1652 2022 1820 2069 Capellam
1855 2024 1961 2057 sancti
1996 2021 2151 2068 Procopii

284 2080 313 2111 111
344 2080 476 2123 antiqua
506 2078 651 2119 1111111110Ἶ
681 2084 732 2114 eui
762 2084 946 2115 animarum
992 2094 1070 2116 eura
1101 2094 1167 2116 11011
1210 2085 1357 2117 imminet
1387 2084 1618 2118 Olomucensis
1654 2083 1807 2117 Diocesis
1836 2085 2030 2118 successive
2059 2082 2147 2117 suisti

282 2138 363 2173 alias
393 2143 501 2173 tamen
540 2140 708 2175 Canonice
745 2148 928 2178 assecutus.
967 2144 1105 2189 illosque
1139 2144 1327 2189 aliquandiu
1364 2148 1522 2179 retinuisti
1558 2145 1683 2179 fructus
1718 2144 1863 2178 redditus
1897 2148 1931 2178 01
1965 2149 2149 2190 proventus

280 2203 470 2246 percipiens
499 2212 542 2235 ex
571 2201 708 2235 eisdem.
741 2202 865 2237 Verum
895 2207 970 2249 quia
1000 2216 1043 2238 ex
1073 2216 1114 2239 eo
1144 2205 1230 2250 qnod
1266 2210 1377 2252 preter
1413 2206 1552 2240 sormam
1588 2206 1844 2252 dispensationis
1879 2205 2028 2240 eiusdem
2062 2217 2147 2252 pre-

282 2260 386 2296 dictos
430 2262 653 2296 canonicatus
695 2268 725 2296 et
755 2264 943 2309 prebendas
986 2277 1024 2299 ac
1061 2266 1230 2312 Capellam
1273 2272 1447 2302 assecutus
1489 2270 1659 2309 extiteras,
1702 2271 1734 2300 et
1775 2266 1900 2301 fructus
1942 2267 2088 2302 redditus
2117 2271 2151 2302 et

282 2327 464 2368 proventus
494 2335 694 2370 pei-ceperas
725 2336 768 2358 ex
797 2326 935 2362 eisdem.
967 2331 997 2360 10
1025 2330 1231 2361 conscientie
1266 2329 1439 2374 scrupulus
1475 2327 1695 2367 remordebat,
1732 2332 1765 2361 ut
1798 2327 2014 2373 dignaremur
2047 2340 2149 2375 super

283 2382 344 2417 biis
373 2388 427 2417 tuo
469 2388 565 2418 statui
595 2389 627 2418 01
661 2385 755 2419 5011111
792 2385 832 2419 de
868 2392 1053 2432 opportuno
1089 2388 1238 2422 remedio
1275 2390 1452 2435 providere
1487 2389 1591 2423 fecisti
1628 2388 1724 2422 1101115
1760 2389 1923 2424 1111111111101·
1956 2389 2145 2436 511ρρ110011.

283 2442 352 2478 Nos
382 2450 489 2479 autem
520 2446 582 2480 lide
611 2446 786 2491 dignorum
817 2451 1003 2482 assertione
1032 2449 1154 2485 audita.
1185 2451 1270 2495 quod
1301 2453 1349 2485 510
1378 2453 1526 2484 inniteris
1555 2460 1680 2484 vacare
1710 2450 1896 2494 virtutibus,
1925 2451 2012 2497 quod
2040 2454 2147 2486 vitio-

282 2516 352 2538 sum
382 2511 488 2540 ortum
530 2510 702 2552 exigentia
745 2511 947 2549 meritorum,
991 2510 1143 2555 quodque
1172 2523 1253 2554 erga
1297 2524 1358 2546 1105
1387 2516 1418 2546 01
1446 2511 1662 2557 apostolicam
1706 2511 1829 2546 Sedem
1864 2512 1969 2547 11110115
1997 2515 2149 2548 nosceris

281 2565 460 2601 devotione
490 2568 627 2614 pollere,
658 2569 697 2603 ad
728 2568 912 2603 huiusmodi
943 2582 1002 2616 pro
1032 2575 1062 2605 10
1099 2572 1193 2607 nobis
1229 2573 1337 2607 oblate
1369 2575 1535 2618 petitionis
1571 2574 1760 2607 instantiam
1796 2578 1904 2607 tecum
1940 2584 2007 2608 non
2041 2573 2148 2608 solum

281 2629 385 2672 ipsam
415 2628 598 2673 admittere,
628 2630 687 2664 sed
715 2633 857 2675 gratiam
887 2631 1009 2665 addere
1037 2636 1144 2675 gratie
1173 2636 1356 2679 cupientes,
1386 2633 1471 2679 quod
1500 2633 1667 2679 predictos
1696 2638 1913 2669 canonicatus
1934 2634 2137 2684 0101011011-
