2341 3005
1102 135 1178 171 207

195 254 343 302 spoliari⁷
365 253 470 289 noluit
488 254 567 288 Rex
587 253 748 301 prefatus,
778 252 866 299 quod
888 251 977 287 bona
1000 255 1073 299 ipsa
1092 263 1154 299 per
1173 255 1283 299 ipsum
1306 252 1453 287 villicum
1476 265 1537 288 seu
1555 254 1708 289 Judicem
1724 254 1886 291 deberent
1905 260 2085 303 propterea

195 316 343 364 spoliari,
373 315 434 350 sed
462 319 633 350 concessit
661 320 693 350 et
720 315 841 358 uoluit.
872 319 906 349 ut
934 319 968 349 tu
1002 314 1151 361 predicta
1179 314 1363 349 Abbatissa
1394 319 1425 349 et
1454 315 1507 349 ille
1536 326 1601 361 que
1630 316 1698 361 tibi:
1728 322 1763 352 ut
1790 317 1969 365 prefertur‚
2000 329 2085 353 5116-

194 378 333 422 cedent.
368 377 425 412 1161
462 377 615 413 officialis
650 382 766 412 uester
802 377 902 412 talem
942 388 1123 411 excessum
1157 379 1375 422 corrigeretis
1414 381 1512 423 prout
1544 377 1640 412 uobis
1676 379 1862 426 expediens
1904 379 2084 414 uideretur.

193 439 325 474 Rursus
358 439 447 474 idem
474 440 553 475 Rex
587 439 745 486 predictis
782 450 844 486 per
871 450 948 474 eum
975 439 1182 473 Monasterio
1211 437 1342 485 prefato
1371 442 1546 474 concessis
1573 439 1760 475 libertatem
1790 442 1905 476 adicit.
1942 447 1976 476 ut
2006 442 2084 476 nulli

194 501 409 547 Thelonearij
444 501 497 536 uel
532 501 707 536 Thelonea
740 501 920 545 habentes,
950 501 1004 536 uel
1031 500 1261 548 possidentes,
1293 512 1353 535 seu
1387 505 1540 536 tenentes
1575 513 1636 548 per
1668 507 1771 537 totum
1801 504 1907 549 Regis
1936 504 2087 539 eiusdem

194 563 377 598 dominium
405 563 446 598 ab
475 563 664 598 hominibus
693 567 725 598 et
755 562 916 598 Curribus
944 563 1140 608 Monasterij
1171 565 1347 597 memorati
1375 566 1507 597 11111131.
1538 563 1671 598 bladum
1701 569 1733 599 et
1762 565 1825 600 3113
1854 578 1915 612 pro
1945 571 2086 600 susten-

193 628 319 660 tatione
347 630 460 660 uestra
489 625 646 659 uictualia
676 629 707 660 et
735 637 791 660 res
820 625 903 660 alias
931 625 986 660 uel
1013 625 1105 671 ligna
1133 636 1194 672 pro
1223 627 1346 659 uestris
1375 624 1517 671 edificijs
1545 625 1782 669 educentibus.
1813 639 1873 662 seu
1902 628 2087 663 ferentibus

194 687 318 733 aliquid
345 690 482 722 nomine
511 686 676 721 Thelonei
705 690 950 734 imperpetuum
979 690 1119 733 exigant
1146 686 1202 721 uel
1228 690 1412 733 requirant.
1453 686 1631 723 Concessit
1660 688 1804 734 denique
1834 689 1921 724 idem
1950 690 2026 725 Rex
2055 694 2087 724 et

192 748 273 784 fecit
301 749 411 784 eidem
438 748 647 783 Monasterio
675 748 763 783 hanc
792 752 936 795 gratiam
964 754 1127 796 perpetuo
1157 749 1369 793 duraturam,
1400 749 1487 795 quod
1517 753 1545 784 si
1574 754 1617 794 16,
1648 755 1681 785 61
1709 751 1847 786 easdem
1876 751 1932 786 tibi
1961 763 2088 786 succe-

193 811 311 846 dentes
338 822 400 858 pro
429 810 594 856 aliquibus
623 810 721 845 bonis
745 811 874 846 collatis
902 811 957 846 uel
985 810 1201 846 conferendis
1225 814 1444 858 imposterum
1460 811 1670 847 Monasterio
1693 812 1846 859 sepefato
1876 817 2088 859 contingeret

192 875 305 920 impeti
334 884 395 919 per
422 875 613 919 quempiam
642 884 745 920 super
773 876 822 907 eis
851 885 919 908 non
950 873 1027 908 alibi
1056 884 1154 920 quam
1185 884 1300 908 coram
1329 876 1402 920 ipso
1431 873 1541 919 Rege.
1572 874 1627 909 uel
1655 886 1697 910 eo
1727 875 1768 909 de
1796 875 1937 910 Boemie
1966 876 2088 921 Regno

193 934 334 969 absente
362 945 478 969 coram
507 933 712 981 Capitaneo.
748 935 804 969 uel
833 935 973 970 Summo
1004 934 1198 970 Camerario
1227 935 1379 971 eiusdem
1407 940 1496 970 terre
1524 936 1678 971 Morauie
1707 940 1889 972 teneamini
1918 940 2089 984 impetenti

195 995 387 1032 huiusmodi
413 996 641 1043 respondere,
678 997 834 1043 quodque
869 1000 980 1032 omnia
1014 997 1103 1032 110113
1139 1001 1242 1045 ipsius
1278 997 1493 1044 Monasterij.
1534 1009 1599 1044 que
1634 1004 1712 1033 tunc
1747 999 1959 1046 possidebat.
1997 1004 2027 1034 et
2057 1003 2088 1034 in

199 1058 347 1094 futurum
375 1058 476 1093 dante
505 1058 640 1093 domino
669 1059 864 1106 possidebit.
896 1059 937 1094 ab
967 1063 1056 1094 omni
1087 1071 1191 1095 onere
1220 1059 1435 1104 tributorum,
1472 1061 1699 1106 uectigaliun1‚
1731 1062 1966 1105 611116613111111,
2003 1062 2090 1095 3113-

195 1131 336 1166 rumque
371 1123 588 1155 exactionum
626 1124 793 1155 omnium.
831 1132 1044 1168 qusmumque
1072 1125 1208 1156 nomine
1237 1127 1474 1157 censerentur.
1512 1128 1727 1169 preterquam
1757 1135 1775 1157 a
1805 1124 1894 1158 tallia
1925 1124 2088 1169 generali.

193 1194 258 1229 que
287 1182 400 1217 Berua
429 1185 461 1217 in
490 1182 552 1217 illis
581 1182 731 1230 partibus
761 1183 947 1229 uulgariter
975 1188 1203 1230 nuncupatur.
1241 1184 1319 1218 fecit
1349 1189 1381 1219 et
1410 1196 1486 1219 esse
1517 1185 1619 1219 uoluit
1649 1188 1821 1232 perpetuis
1851 1185 1970 1220 futuris
2000 1191 2090 1220 tem-

191 1244 330 1293 poribus
358 1244 462 1279 libera
492 1249 523 1280 et
552 1250 721 1292 exempta.
753 1245 902 1280 adiciens
932 1246 1019 1292 quod
1048 1246 1155 1282 nullus
1183 1245 1377 1293 Principum
1406 1258 1626 1282 suet-esurum
1655 1259 1803 1282 suorum.
1836 1248 1887 1282 uel
1919 1248 2089 1283 Baronum

193 1310 266 1343 siue
294 1306 463 1342 Nobilium
498 1318 559 1354 pro
589 1306 785 1342 Castrorum
820 1308 1051 1352 edificatione,
1087 1308 1143 1342 uel
1171 1308 1325 1343 villarum
1361 1308 1559 1353 effossione,
1598 1315 1653 1344 aut
1682 1322 1741 1357 pro
1778 1311 1886 1356 aliqua
1921 1314 2089 1356 ingruenti

191 1368 409 1416 expeditione
437 1368 682 1403 Monasterium
711 1369 766 1404 uel
793 1368 946 1404 homines
977 1373 1049 1404 eius
1078 1373 1276 1417 inquietare7
1306 1371 1362 1405 1161
1390 1371 1571 1406 molestare
1600 1377 1809 1419 presumeret
1841 1373 2088 1419 quoquomodo.

192 1430 314 1465 Statuit
347 1435 504 1477 preterea
540 1431 619 1466 Rex
652 1430 804 1478 prefatus
841 1431 1023 1466 inhibendo
1059 1443 1242 1479 expresse,
1278 1437 1313 1467 ut
1348 1433 1458 1468 nullus
1495 1437 1527 1468 in
1561 1437 1634 1481 ipso
1662 1434 1871 1470 Monasterio
1905 1435 1959 1470 1161
1994 1435 2090 1469 1101115

192 1495 266 1528 61115
295 1504 389 1527 311511
415 1496 596 1528 temerario
632 1484 851 1540 pernoctare,
887 1493 942 1528 uel
971 1497 1020 1528 eis
1049 1494 1194 1540 aliquam
1224 1494 1412 1530 molestiam
1448 1507 1509 1530 seu
1544 1496 1739 1531 uiolentiam
1774 1497 1901 1532 inferre
1939 1497 2088 1541 auderet,

192 1566 303 1602 neque
324 1559 420 1602 septa
448 1554 599 1589 eiusdem
623 1554 820 1601 Monasterij
850 1555 1017 1590 uiolenter
1039 1559 1176 1600 intrare,
1208 1568 1269 1591 seu
1297 1557 1378 1591 inibi
1401 1562 1604 1604 sanguinem
1625 1558 1809 1594 effundere.
1840 1559 1894 1594 uel
1921 1559 2089 1593 hominem

192 1620 313 1664 quouis
340 1616 440 1652 modo
469 1616 596 1661 ledere,
627 1622 682 1651 aut
712 1616 900 1652 huiusmodi
929 1617 1100 1653 libertates
1129 1618 1257 1653 uiolare
1286 1624 1497 1666 presumeret
1527 1620 1778 1666 quoquomodo.
1810 1621 1846 1655 Si
1875 1624 1949 1667 quis
1979 1625 2090 1655 autem

192 1683 313 1714 eontra
346 1678 491 1722 faceret‚
529 1682 638 1726 ipsum
676 1682 709 1713 in
745 1679 876 1714 Decem
908 1679 1057 1714 Marchis
1086 1683 1158 1714 auri
1186 1684 1260 1727 puri
1289 1681 1439 1716 decreuit
1475 1686 1506 1716 et
1539 1694 1617 1717 esse
1652 1683 1756 1717 uoluit
1793 1695 1854 1717 sue
1887 1694 2092 1729 suorumque

192 1752 413 1777 suceesorum
438 1740 665 1788 predictorum
689 1740 833 1776 Camere
861 1745 1013 1788 primitus
1037 1742 1255 1789 puniendum.
1286 1748 1318 1777 et
1339 1743 1460 1778 deinde
1489 1743 1531 1778 ad
1554 1744 1793 1779 inueniendum
1822 1749 1853 1780 et
1875 1745 2091 1780 obtinendum

191 1806 337 1850 gratiam
365 1808 515 1839 uestram
542 1803 728 1838 Abbatisse
756 1808 789 1838 et
818 1803 1013 1838 Conuentus
1042 1815 1102 1851 pro
1132 1805 1275 1839 emenda
1315 1810 1347 1839 et
1376 1804 1608 1841 satisfactione
1639 1806 1829 1842 huiusmodi
1865 1810 1955 1842 omni
1991 1806 2091 1842 modo

193 1864 479 1912 compellendum,
514 1869 613 1912 prout
647 1868 761 1900 omnia
796 1870 830 1900 et
866 1866 1000 1912 singula
1036 1866 1227 1913 supradicta
1265 1869 1298 1901 in
1332 1867 1451 1901 litteris
1486 1879 1588 1914 super
1628 1867 1692 1903 hoe
1728 1868 1893 1904 confectis
1929 1869 2090 1904 dictorum

194 1926 302 1973 Regis
337 1931 371 1962 61
402 1927 538 1973 Regine
572 1927 691 1973 sigillis
724 1930 876 1971 munitis,
915 1939 1055 1974 quarum
1098 1933 1234 1963 tenores
1270 1928 1311 1963 de
1346 1928 1453 1963 uerbo
1491 1929 1533 1964 ad
1561 1930 1703 1965 uerbum
1736 1931 1951 1978 presentibus
1987 1934 2091 1966 inseri

192 1987 336 2024 fecimus
364 1989 496 2036 plenius
525 1993 558 2024 et
586 1992 750 2024 seriosius
778 1993 1004 2025 continentur.
1063 1989 1176 2032 Quare
1205 1990 1354 2037 predicta
1384 1991 1518 2037 Regina
1554 1992 1652 2027 nohis
1681 1992 1850 2028 humiliter
1879 1993 2089 2040 supplicauit.

193 2055 321 2097 utque
347 2062 410 2098 per
445 2054 552 2098 ipsam
582 2056 613 2086 et
648 2051 781 2097 Regem
817 2052 983 2099 prefatum
1016 2055 1050 2087 in
1083 2051 1146 2087 1136
1179 2057 1274 2099 parte
1308 2057 1384 2088 aeta
1420 2058 1514 2097 suut.
1551 2058 1585 2088 ut
1620 2058 1772 2090 securius
1807 2055 1848 2090 de
1882 2059 1964 2103 ipsis
1999 2059 2090 2090 iuxta

195 2115 300 2160 ipsius
322 2112 457 2159 Regine
484 2116 606 2148 mentis
631 2113 834 2148 desiderium
855 2114 949 2148 firma
972 2117 1165 2161 persistant.
1196 2118 1227 2149 et
1257 2126 1300 2150 ne
1321 2126 1383 2162 per
1404 2115 1543 2150 3116111115
1573 2119 1708 2152 sinistre
1735 2121 1904 2164 opinionis
1934 2122 2090 2152 euentum

193 2177 370 2209 retractari
391 2175 527 2210 ualeant
555 2175 755 2210 infuturum
784 2187 829 2210 ex
851 2181 944 2210 certa
973 2181 1089 2211 nostra
1111 2179 1252 2211 scientia
1282 2177 1496 2221 confirmare,
1526 2182 1559 2213 et
1581 2179 1716 2226 suplere
1745 2190 1880 2214 omnem
1909 2179 2089 2214 defectum.

194 2239 316 2282 siquis
345 2239 525 2272 interuenit
552 2237 694 2272 forsitan
723 2240 756 2272 in
784 2241 968 2285 premissis.
999 2238 1040 2272 de
1061 2238 1268 2284 benignitate
1291 2239 1476 2286 apostolica
1505 2240 1734 2286 dignaremur.
1765 2241 1836 2276 Nos
1865 2245 1978 2287 itaque
2006 2253 2091 2288 pre-

194 2298 262 2333 fate
290 2298 425 2344 Regiae
454 2310 494 2333 36
522 2302 644 2334 11651115
680 2299 810 2334 deuotis
840 2300 1138 2347 supplicationibus
1167 2301 1332 2340 inclinati.
1363 2301 1553 2337 huiusmodi
1581 2302 1830 2338 fundationem.
1871 2303 2088 2338 dotationem.

195 2364 228 2395 et
255 2360 321 2395 alia
348 2363 530 2407 premissa,
567 2372 632 2407 que
667 2365 701 2396 in
736 2361 800 2396 hac
836 2367 931 2409 parte
966 2373 1027 2409 per
1060 2362 1193 2407 Regem
1227 2367 1259 2397 et
1287 2363 1456 2409 Reginam
1486 2364 1626 2400 eosdem
1655 2365 1793 2400 donata.
1833 2377 2019 2400 concessa.
2050 2376 2089 2399 ac

194 2421 302 2466 facta,
339 2426 373 2457 61
406 2421 520 2457 11311113
556 2428 647 2467 suut,
684 2429 758 2458 rata
793 2424 956 2459 habentes
989 2429 1021 2459 et
1053 2429 1170 2470 grata,
1205 2424 1259 2459 illa
1289 2428 1490 2461 auctoritate
1526 2427 1711 2474 apostolica
1742 2438 1787 2461 ex
1815 2431 1907 2461 certa
1936 2430 2085 2462 sciencia

195 2483 452 2519 confirmamus.
482 2484 707 2529 ratificamus.
739 2491 773 2521 et
800 2489 901 2521 etiam
930 2486 1176 2533 approbamuS.
1206 2491 1239 2522 et
1266 2491 1434 2534 presentis
1471 2492 1587 2536 scripti
1615 2492 1803 2536 patrocinio
1832 2492 2088 2524 communimus.

196 2545 392 2593 supplentes
427 2557 562 2581 omnem
597 2547 783 2583 desectum.
821 2551 849 2583 si
878 2551 952 2595 quis
986 2551 1167 2584 interuenit
1199 2548 1341 2584 forsitan
1374 2553 1407 2584 in
1443 2551 1571 2586 eisdem
1601 2551 1642 2585 de
1671 2550 1856 2598 apostolice
1885 2551 2091 2598 plenitudine

197 2611 383 2654 potestatis.
413 2607 541 2642 Verum
575 2611 654 2654 quia
685 2612 716 2644 in
747 2609 935 2645 huiusmodi
971 2610 1121 2646 eiusdem
1150 2611 1258 2656 Regis
1286 2612 1403 2647 litteris
1432 2616 1662 2657 continentur,
1699 2612 1787 2658 quod
1816 2613 1904 2647 idem
1933 2613 2011 2648 Rex
2039 2616 2090 2647 ius

195 2669 380 2715 spirituale.
410 2669 499 2716 quod
529 2681 672 2705 unacum
698 2671 825 2707 eisdem
855 2672 952 2707 bonis
981 2677 1013 2707 et
1042 2672 1217 2720 temporali
1245 2676 1317 2708 iure
1338 2673 1429 2715 dicte
1454 2675 1588 2721 Regine
1608 2674 1817 2719 uendiderat.
1848 2678 1882 2709 ut
1910 2674 2089 2722 prefertur.
2113 2678 2116 2680 “
