2341 3005
1037 130 1108 166 281

135 253 249 283 nostre
284 250 543 291 reservationis,
586 246 788 282 inhibitionis
830 251 862 281 et
897 248 1141 281 constitutionis
1182 245 1367 292 infringere
1404 251 1468 282 etc.
1524 247 1646 282 Datum
1687 248 1860 284 Avinione
1898 249 2010 285 Idibus

134 310 261 356 Aprilis
289 310 392 344 Anno
422 309 631 344 duodecimo.

314 370 352 405 In
398 371 542 405 eundem
588 370 721 405 modum
762 369 901 404 Dilectis
946 368 1020 403 filiis
1060 367 1259 403 Monasterii
1301 368 1342 404 de
1383 369 1522 416 Reygra
1568 382 1628 417 per
1668 371 1879 419 Propositum
1921 372 2009 408 soliti

132 431 331 478 gubernari.
371 436 465 467 et..
504 431 784 478 &Vissegradensi
818 431 1001 477 Pragensis
1043 434 1075 465 et
1117 429 1353 465 Olomucensis
1397 431 1482 466 dioc.
1526 431 1723 478 Prepositis‚
1768 445 1807 468 ac
1844 433 2010 480 Magistro

131 493 272 528 Nicolao
301 493 342 528 de
370 493 499 528 Fractis
529 492 701 528 Canonico
731 492 942 527 Patracensis
969 492 1198 527 Ecclesiarum
1226 491 1407 526 litterarum
1436 497 1625 527 nostrarum
1649 493 1839 530 Correctori
1867 496 2008 530 salutem

131 559 194 590 etc.
232 555 399 590 Attributa
441 555 561 589 dilecto
604 555 669 588 tilio
706 554 874 600 IVoyslao
916 558 994 588 nato
1036 553 1203 599 quondam
1238 553 1376 588 Henrici
1418 554 1459 588 de
1500 554 1625 589 Mellito
1668 556 1789 590 clerico
1829 556 2011 603 Pragensis

133 616 288 652 Diocesis
317 621 382 651 etc.
425 627 532 662 usque
569 619 692 651 mentio
736 615 903 662 specialis.
942 615 1109 657 Quocirca
1151 614 1347 650 mandamus
1377 618 1530 661 quatinus
1565 628 1628 651 vos
1656 617 1711 651 vel
1741 617 1805 652 duo
1841 623 1895 653 aut
1923 630 2010 654 unus

133 682 284 713 vestrum
311 689 373 724 per
395 689 458 712 vos
487 677 542 711 vel
573 678 671 711 alium
701 689 761 712 seu
784 677 868 712 alios
898 676 1085 711 huiusmodi
1114 676 1313 711 beneficium
1334 689 1394 724 per
1421 689 1484 712 nos
1508 682 1541 712 ut
1562 681 1760 724 premittitur
1786 684 2009 725 reservatum,

131 742 159 774 si
193 744 344 786 tempore
377 738 565 773 huiusmodi
607 743 720 773 nostre
753 741 994 773 reservationis
1034 737 1183 774 vacabat
1216 739 1269 773 vel
1307 743 1432 773 extunc
1460 742 1614 783 vacavit.
1652 744 1707 774 aut
1735 752 1833 786 quam
1868 745 2010 788 primum

132 800 210 835 Illud
237 812 365 835 vacare
393 803 571 846 contigerit
599 800 749 847 predicto
776 800 947 847 XVoyslao
974 800 1031 834 vel
1058 803 1267 846 procuratori
1295 811 1356 835 suo
1385 803 1458 835 eius
1480 804 1614 835 nomine
1642 806 1715 848 post
1745 806 2010 849 acceptationem

131 861 320 897 huiusmodi
355 873 430 896 cuin
459 861 612 896 omnibus
648 861 776 896 iuribus
805 865 836 896 et
869 864 1076 908 pertinentiis
1105 864 1172 896 suis
1207 865 1402 897 auctoritate
1436 867 1552 897 nostra
1586 863 1742 898 conferre
1771 868 1803 898 et
1832 867 2008 910 assignare

130 926 265 958 curetis.
304 922 506 968 Inducentes
536 934 611 957 eum
648 923 704 957 vel
740 923 860 958 dietum
890 927 1141 970 procuratorem
1177 935 1237 970 pro
1266 935 1307 958 eo
1336 927 1368 958 in
1402 924 1487 958 illius
1521 925 1728 971 corporalem
1757 929 2010 972 possessionem

132 995 172 1019 ac
200 987 319 1019 iurium
338 989 371 1019 et
398 987 671 1031 pertinentiarum
694 987 777 1029 eius,
808 989 841 1019 et
869 984 1086 1019 defendentes
1108 985 1289 1030 inductum,
1319 985 1449 1032 sibique
1471 986 1634 1021 facientes
1663 986 1705 1021 de
1725 990 1827 1033 ipsius
1856 987 2010 1022 beneficii

128 1045 290 1081 fructibus
320 1045 505 1081 redditibus
540 1045 760 1093 proventibus
802 1045 928 1081 iuribus
957 1051 991 1081 et
1019 1046 1280 1082 obventionibus
1322 1050 1490 1081 universis
1520 1051 1650 1093 integre
1679 1048 1887 1095 responderi.
1930 1049 2009 1084 Non

127 1106 334 1142 obstantibus
375 1107 528 1142 omnibus
571 1107 782 1154 supradictis,
830 1119 889 1142 seu
932 1110 960 1142 si
995 1108 1123 1142 eisdem
1157 1108 1282 1143 Abbati
1324 1113 1357 1143 et
1397 1108 1586 1143 Conventui
1624 1109 1679 1144 vel
1721 1110 1896 1156 quibusvis
1937 1111 2010 1145 aliis

127 1172 347 1204 communiter
368 1169 429 1204 vel
458 1169 590 1204 divisim
611 1181 629 1203 a
658 1169 786 1216 prefata
807 1170 888 1204 sede
915 1169 1076 1204 indultum
1099 1173 1232 1214 existat7
1262 1170 1350 1216 quod
1370 1171 1521 1205 interdici
1543 1171 1701 1218 suspendi
1730 1172 1786 1206 vel
1809 1184 2011 1207 exeommu-

129 1233 235 1266 nicari
250 1243 317 1266 non
332 1234 462 1278 possint
477 1243 538 1278 per
552 1231 676 1266 litteras
693 1232 895 1278 apostolicas
911 1243 978 1266 non
993 1231 1156 1267 facientes
1175 1232 1309 1279 plenam
1325 1237 1357 1266 et
1372 1244 1571 1279 expressam
1588 1244 1627 1267 ac
1644 1233 1684 1267 de
1699 1233 1804 1267 verbo
1818 1233 2010 1269 adverbum

129 1292 171 1328 de
190 1292 313 1328 indulto
329 1292 514 1328 huiusmodi
535 1296 750 1327 mentionem.
776 1292 1046 1328 Contradictores
1066 1305 1126 1341 per
1148 1305 1326 1329 censuram
1343 1295 1609 1329 ecclesiasticam
1626 1300 1688 1329 etc.
1711 1295 1832 1330 Datum
1848 1301 1881 1330 ut
1897 1308 2008 1343 supra

442 1356 496 1391 (Ex
521 1353 693 1390 autographo
718 1356 838 1390 Regesto
862 1356 1005 1385 ,Iohannis
1029 1365 1105 1391 papae
1128 1356 1211 1384 XXII.
1237 1357 1298 1384 anui
1328 1357 1384 1384 XII.
1410 1361 1479 1392 part.
1511 1358 1543 1385 II.
1568 1366 1630 1393 pag.
1657 1356 1728 1386 232.
1755 1358 1834 1393 epist.
1865 1358 1956 1386 toll.
1982 1359 2008 1386 iu

548 1406 696 1436 Tabulariis
724 1408 865 1435 Naticanis
891 1409 1023 1436 desumsit
1046 1409 1091 1437 Dr.
1115 1409 1144 1437 Β.
1169 1410 1266 1438 Dudik.

966 1486 1168 1522 CCCLXIV.

128 1548 317 1592 Jolmnnes,
341 1560 439 1594 papa
468 1548 590 1583 XXII.
627 1550 785 1583 concedit
819 1549 971 1583 Hineoni
1008 1552 1170 1596 episcopo
1202 1550 1423 1585 olomucensi
1451 1551 1668 1596 facultatem
1703 1555 1739 1585 ul
1768 1553 2010 1597 possessiones

129 1610 288 1645 ecclesz'oe
325 1622 396 1645 suae
432 1611 624 1645 inconsulto
662 1611 834 1655 Poule'sice
872 1612 1028 1645 Romam)
1066 1612 1107 1646 de
1148 1624 1235 1647 noro
1274 1613 1471 1658 infeudare,
1515 1613 1673 1647 alienare
1705 1624 1766 1646 seu
1801 1617 2010 1647 conmmlare

556 1674 682 1717 possit.
712 1672 772 1706 Dt.
804 1673 978 1707 Acinione
1005 1673 1110 1718 XII-I.
1140 1674 1322 1708 Kalendas
1349 1675 1438 1709 ιΙιιῖίἱ
1466 1674 1576 1709 1328.

302 1722 510 1787 Johannes,
546 1742 735 1789 Episcopus
776 1742 906 1778 Servus
945 1743 1131 1778 Servorum
1170 1744 1234 1778 Dei
1270 1743 1467 1778 Venerabili
1508 1744 1617 1778 Fratri
1653 1744 1798 1779 Hineoni
1838 1744 2008 1791 Episcopo

131 1803 346 1839 Olomucensi
380 1804 529 1838 Salutem
578 1809 611 1838 et
645 1804 878 1850 ApostolIcam
914 1805 1202 1840 Benedictionem.
1245 1805 1402 1840 Exliibita
1440 1805 1536 1840 nobis
1566 1811 1619 1840 tua
1659 1809 1772 1853 petitio
1802 1806 2008 1841 continebat.

130 1865 219 1912 quod
261 1870 296 1900 tu
336 1865 412 1900 olim
455 1877 594 1900 munere
636 1869 904 1901 consecrationis
950 1870 982 1901 in
1024 1866 1172 1913 partibus
1215 1866 1256 1901 de
1297 1867 1454 1901 mandato
1497 1872 1614 1901 nostro
1660 1872 1798 1914 recepto
1840 1868 2008 1915 corporali

131 1930 316 1962 iuramento
344 1930 483 1974 prestito
518 1930 713 1974 promisisti.
745 1927 831 1973 quod
860 1930 1096 1974 possessiones
1129 1927 1170 1962 ad
1199 1939 1350 1963 mensam
1380 1928 1600 1975 Episcopatus
1636 1932 1681 1963 tui
1715 1933 1912 1976 spectantes
1940 1941 2008 1964 non

132 1988 300 2023 venderes
341 2000 452 2035 neque
488 1989 652 2024 donares.
696 2000 805 2034 neque
842 1989 882 2024 de
924 2000 1014 2024 novo
1048 1988 1260 2031 infeudares.
1302 1989 1358 2023 vel
1397 1990 1608 2036 aliquomodo
1651 1991 1818 2025 alienares
1854 1991 2008 2026 Romano

131 2049 290 2084 Pontifice
317 2050 517 2085 inconsulto.
561 2050 686 2084 Verum
716 2053 791 2096 quia
822 2054 853 2084 ut
883 2053 1027 2093 asseris,
1057 2050 1251 2097 frequenter
1284 2062 1384 2086 casus
1415 2056 1587 2086 oeurrant.
1626 2054 1657 2086 in
1688 2052 1806 2098 quihus
1843 2052 1883 2087 de
1918 2063 2007 2087 novo

132 2111 270 2146 easdem
310 2115 549 2158 possessiones
592 2112 812 2146 infeudando.
855 2112 909 2146 vel
946 2112 1142 2156 alienando,
1186 2117 1241 2146 aut
1283 2113 1517 2148 commutando
1559 2114 1783 2148 conditionem
1826 2125 1940 2148 mense
1977 2117 2007 2147 et

131 2173 277 2208 ecclesie
306 2177 435 2207 tuarum
462 2178 561 2220 potes
591 2173 766 2207 evidenter
793 2173 934 2208 reddere
963 2174 1152 2217 meliorem.
1183 2173 1281 2208 nobis
1317 2173 1481 2209 humiliter
1514 2175 1723 2222 supplicasti.
1762 2180 1793 2210 ut
1828 2174 2007 2221 prov·Idere

132 2234 207 2278 tibi,
237 2246 277 2269 ac
304 2245 422 2269 mense
459 2239 491 2270 et
532 2235 676 2270 ecclesie
711 2235 911 2281 supradictis
956 2246 1058 2282 super
1086 2235 1149 2270 hoc
1191 2235 1231 2269 de
1260 2241 1446 2282 opportuno
1487 2237 1638 2271 remedio
1667 2237 1892 2281 dignaremur.
1935 2235 2006 2270 Nos

132 2298 233 2341 igitur
270 2295 459 2330 huiusmodi
491 2299 554 2331 tuis
592 2296 888 2344 supplicationibus
925 2297 1089 2333 inclinati.
1127 2301 1161 2331 ut
1194 2308 1254 2343 pro
1291 2297 1437 2332 evidenti
1472 2298 1609 2332 utilitate
1649 2302 1794 2345 ipsarum
1827 2309 1942 2332 mense
1975 2302 2006 2331 et

132 2357 277 2392 ecclesie
298 2360 533 2404 possessiones
552 2358 731 2404 predictas,
763 2362 873 2405 possis
896 2358 1085 2393 inconsulto
1108 2359 1260 2393 Romano
1282 2358 1440 2394 Pontilice
1462 2360 1502 2394 de
1531 2371 1621 2394 novo
1642 2359 1828 2402 infeudare,
1858 2359 2006 2393 alienare

133 2429 194 2453 seu
223 2423 428 2453 commutare
457 2419 498 2452 de
526 2419 664 2454 consilio
694 2424 725 2454 et
754 2431 924 2454 consensu
950 2423 994 2454 tui
1024 2419 1164 2466 Capituli
1193 2423 1226 2454 in
1254 2420 1388 2455 casibus
1418 2433 1436 2455 a
1460 2424 1530 2455 iure
1559 2423 1734 2456 concessis
1754 2425 1787 2454 et
1815 2420 1896 2454 alias
1926 2423 2005 2454 iuris

133 2479 239 2514 forma
269 2485 416 2514 servata.
447 2479 521 2514 Non
543 2480 696 2515 obstante
724 2484 912 2515 iuramento
935 2492 994 2527 per
1021 2485 1053 2515 te
1075 2484 1223 2527 prestito,
1254 2485 1449 2516 auctoritate
1478 2482 1532 2517 tibi
1554 2485 1756 2529 presentium
1785 2481 2002 2515 concedimus

132 2540 334 2576 facultatem.
365 2541 485 2576 Datum
515 2541 686 2577 Avinione
720 2542 810 2577 XIII.
842 2542 1010 2577 Kalendas
1037 2542 1115 2577 Julii
1143 2543 1244 2577 Anno
1273 2542 1490 2578 Duodecimo.

446 2603 498 2637 (Ex
524 2605 694 2639 autographo
720 2605 839 2639 Regesto
862 2605 1005 2639 Joliannis.¹
1031 2614 1105 2640 papae
1130 2605 1211 2634 xxti.
1236 2605 1296 2632 anni
1322 2606 1378 2634 XII.
1404 2610 1472 2642 part.
1498 2606 1541 2633 lll.
1566 2614 1627 2640 pag.
1654 2604 1725 2633 275.
1751 2604 1831 2640 epist.
1858 2603 1951 2633 2483.
1978 2604 2003 2631 in

548 2657 696 2684 Tabulariis
721 2658 857 2684 Vaticanis
881 2657 1011 2684 desumsit
1036 2658 1079 2684 Dr.
1104 2657 1133 2685 Β.
1159 2657 1254 2685 Dudik.

1756 2706 1796 2738 36
