2357 3021
1108 147 1157 183 63

185 267 354 298 cereuisia
383 267 565 310 propinari.
597 264 742 306 Quilibet
771 267 878 298 eciam
908 267 941 299 in
970 264 1058 299 dicta
1087 264 1235 298 Panauia
1264 264 1417 299 residens
1450 264 1576 300 fructus
1612 266 1775 312 quoslibet
1810 266 1871 301 sibi
1905 271 2073 313 proueni-

185 330 279 360 entes
309 329 342 359 in
370 325 445 359 foro
474 331 590 360 nostro
619 329 708 360 omni
738 326 802 360 diev
820 326 974 361 vendere
1017 329 1089 361 sine
1131 328 1320 360 exaccione
1350 326 1496 372 qnalibet
1523 331 1654 373 poterit.
1699 328 1738 362 Et
1767 331 1881 363 vinum
1911 332 2074 364 crementi

184 390 235 422 sui
265 399 283 421 a
313 386 399 421 festo
423 386 512 422 beati
534 387 711 422 Michaelis
731 399 839 433 Vsque
868 388 909 422 ad
932 388 1052 423 festum
1076 387 1164 422 beati
1185 387 1319 422 Martini
1343 391 1439 422 annis
1469 389 1609 430 stimulis
1632 393 1751 436 poterit
1773 391 1861 426 licite
1881 394 2072 438 propinare.

183 448 243 484 Est
271 452 379 483 eciam
409 449 592 493 diffinitum,
623 449 711 495 quod
740 449 893 484 homines
930 450 1017 485 dicte
1052 453 1263 496 prepositure
1300 450 1340 484 ad
1377 450 1484 484 nullas
1511 450 1749 487 Exacciones.
1788 452 2073 493 contribuciones,

185 522 246 546 seu
275 510 447 555 collectas,
477 523 539 546 seu
567 511 770 555 solucionem,
807 523 1019 558 quocumque
1052 515 1187 546 nomine
1221 516 1436 549 censeantur.
1477 524 1551 546 011111
1585 515 1658 559 ipsa
1695 513 1838 549 Ciuitate
1867 520 1982 549 nostra
2011 518 2074 550 sint

184 572 322 618 obnoxij
353 584 417 607 nec
447 577 634 611 teneantur,
664 585 727 608 nec
757 573 799 608 ad
828 586 886 608 eas
915 574 1070 621 compelli
1099 572 1222 609 debent
1250 573 1502 619 quomodolibet
1531 574 1584 609 uel
1608 578 1720 609 artari.
1752 576 1824 610 Hoc
1851 579 2074 623 promittimus

184 634 272 680 quod
303 639 464 681 tempore,
495 646 559 681 quo
596 637 667 682 ipse
706 635 827 670 dictam
863 636 990 671 tenebit
1031 639 1275 683 preposituram
1311 636 1396 670 Tres
1432 639 1576 682 pistores
1611 637 1752 683 predicti
1781 639 1921 684 singulis
1957 639 2074 674 diebus

183 696 293 730 sorum
322 701 473 731 nostrum
516 699 549 731 in
593 696 736 732 Ciuitate
765 702 893 734 nostra.
936 701 1021 732 sicut
1050 698 1222 744 hucusque
1264 697 1430 737 fecerunt,
1473 701 1613 733 visitare
1655 699 1804 744 valeant,
1848 712 1952 747 panes
1995 712 2074 736 suos

181 758 376 795 vendendo.
407 770 471 793 nec
500 770 545 794 ex
580 758 644 794 hoc
673 759 867 795 soluciones
910 760 1038 806 aliquas
1068 764 1257 796 teneantur.
1301 760 1360 795 sed
1390 765 1567 807 postquam
1611 761 1710 795 alium
1753 765 1956 808 prepositum
1987 763 2074 797 dicte

182 823 394 866 prepositure
423 831 562 867 preesse
591 824 807 867 contingerit.
838 827 870 857 et
899 825 1088 869 prepositus
1118 834 1193 856 cum
1222 825 1446 868 prepositura.
1478 827 1510 857 et
1540 822 1665 857 Ciuitas
1701 834 1777 857 cum
1807 822 1943 858 Ciuibus
1971 836 2074 871 super

182 881 309 916 hocin
337 881 473 917 Juribus
515 882 578 917 sibi
619 884 887 930 competentibus
930 883 1162 918 remanebunt.
1206 884 1243 918 In
1272 887 1367 918 cuius
1397 887 1445 918 rei
1474 887 1700 919 testimonium
1743 891 1919 932 presentes
1961 886 2073 921 literas

183 942 302 989 Sigillo
345 946 493 978 ciuitatis·
526 949 640 979 nostre
684 945 835 980 dedimus
865 949 1097 992 consignatas.
1140 946 1265 980 Actum
1294 951 1326 980 et
1355 946 1467 980 datum
1508 946 1646 981 Brunne
1688 946 1768 982 ΙΙΙΙΟ
1796 947 1912 982 Nonas
1953 947 2072 983 Marcii

179 1004 282 1040 Anno
312 1005 437 1040 domini
464 1005 717 1072 MOCCCfflXYU.

496 1087 531 1121 <E
559 1087 636 1114 litera
662 1088 862 1115 contii-matoria
888 1089 980 1115 Karoli
1012 1089 1177 1116 mai-chionis
1202 1089 1328 1116 Moraviae
1361 1090 1393 1116 ab
1419 1098 1489 1116 311110
1518 1088 1609 1117 1342.
1643 1090 1669 1116 111
1694 1090 1789 1117 codice
1819 1091 1867 1118 ΜΞ.
1894 1091 1940 1117 fol.
1968 1090 2016 1118 50.
2043 1090 2069 1117 in

602 1141 713 1167 archivo
739 1141 860 1176 ejusdem
887 1141 1005 1169 civitatis
1031 1143 1081 1169 sub
1106 1142 1151 1169 Nr.
1181 1141 1244 1174 34.)

1086 1257 1158 1291 XC.

357 1318 566 1377 Johannes.
596 1339 768 1374 Boliemiae
785 1352 858 1377 rex.
889 1340 1064 1375 confirmat
1093 1345 1298 1377 monasterio
1323 1342 1573 1378 Tisnowicensi
1603 1343 1729 1378 litteras
1760 1346 1851 1389 regis
1872 1343 2072 1378 wenceslai

179 1399 223 1434 II.
254 1411 356 1447 super
384 1404 578 1436 exemtione
608 1401 648 1436 ab
678 1402 832 1437 omnibus
862 1403 1101 1438 vexationibus
1138 1404 1179 1438 de
1208 1415 1297 1439 anno
1329 1403 1440 1439 1298.
1473 1404 1638 1442 inhibens.
1676 1417 1718 1439 ne
1748 1408 1820 1451 quis
1857 1404 2072 1441 Camerarius

184 1460 478 1498 Suhcamerarius.
508 1463 619 1498 Judex
648 1465 867 1510 provincialis
897 1465 1110 1499 seuVillicus
1141 1470 1196 1500 aut
1226 1466 1310 1500 alius
1333 1466 1487 1501 officialis
1502 1466 1665 1501 Moraviae
1695 1472 1812 1502 contra
1842 1478 1919 1502 eam
1948 1467 2071 1514 aliquid

181 1523 303 1558 audeat
332 1529 508 1559 attentare.
539 1524 661 1559 Datum
692 1529 724 1560 in
754 1526 906 1561 Trebecz
936 1527 994 1561 lv.
1026 1527 1103 1562 Idus
1131 1527 1243 1562 Martii
1276 1528 1387 1562 1315.

495 1604 583 1640 (Orig.
610 1607 755 1633 membran.
782 1608 858 1642 cujus
883 1607 1001 1642 sigillum
1028 1608 1149 1635 avulsum
1175 1612 1227 1644 est,
1245 1608 1270 1635 in
1296 1609 1407 1636 archivo
1433 1609 1556 1644 ejusdem
1581 1609 1738 1636 monasterii
1765 1609 1835 1644 apud
1860 1609 1889 1636 C.
1906 1610 2068 1637 R.Gubern.

600 1659 693 1686 Bruma·
719 1661 768 1687 sub
795 1661 832 1687 lit.
860 1661 888 1688 Y.
916 1661 934 1687 l.
963 1670 987 1688 n.
1015 1660 1057 1692 4.)

1080 1766 1167 1801 XCI.

176 1838 316 1883 Petrus,
360 1841 542 1885 episcopus
589 1840 837 1875 Olonmeensis.
880 1844 953 1876 unit
996 1843 1200 1876 decanatum
1239 1843 1478 1888 parrochialis
1521 1843 1679 1878 ecclesiae
1725 1844 1985 1879 Cremsirz'emsis
2019 1846 2064 1880 ad

177 1899 216 1935 S.
247 1901 398 1935 Mariam
435 1914 509 1935 cnm
552 1902 703 1936 eeclesia
748 1903 928 1949 colleye'ale‘
967 1905 1013 1938 (ul
1041 1905 1078 1939 S.
1111 1904 1313 1938 Mamilium
1355 1904 1488 1939 ibidem.
1533 1905 1592 1939 Dl.
1627 1905 1793 1940 Olomule'i
1819 1906 1885 1941 IX.
1916 1907 2066 1942 Kalend.

980 1966 1119 2011 Aprilis
1150 1966 1262 2000 1315.

355 2040 498 2095 Petrus
541 2061 593 2095 dei
622 2065 738 2107 gracia
784 2062 1020 2097 Oloniucensis
1064 2063 1263 2110 Episcopus.
1294 2064 1447 2099 omnibus
1491 2068 1523 2099 in
1553 2070 1761 2112 perpetuum,
1800 2066 1955 2101 Onerosa
1984 2078 2066 2102 cure

177 2122 354 2168 pastoralis
383 2125 562 2159 instancia.
594 2135 692 2170 quam
723 2124 823 2159 diuini
854 2125 1015 2159 celsitudo
1044 2126 1174 2171 consilij
1200 2129 1322 2160 nostris
1351 2126 1482 2161 induxit
1511 2127 1658 2163 humeris
1686 2128 1924 2175 perferendam
1954 2129 2068 2164 vehe-

180 2187 312 2218 menter
339 2195 401 2218 nos
431 2188 569 2221 excitat.
613 2186 721 2232 pulsat
764 2190 921 2221 continue
965 2190 1124 2234 angitque
1168 2191 1367 2234 propensius
1410 2194 1554 2224 mentem
1584 2195 1744 2233 nostram,
1775 2196 1810 2225 vt
1838 2194 1924 2226 inter
1952 2196 2064 2226 cetera

177 2244 434 2280 sollicitudinum
451 2247 573 2291 studia,
592 2248 710 2294 quibus
731 2253 846 2283 noster
875 2252 1006 2283 animus
1036 2250 1205 2296 multiplici
1236 2250 1382 2285 redditur
1410 2254 1576 2286 varietate
1606 2252 1795 2289 distractus.
1826 2253 1867 2286 ad
1896 2252 2065 2288 subiectas

177 2306 274 2340 nobis
302 2306 486 2346 Ecclesias,
517 2313 693 2356 presertim
717 2322 780 2356 11110
803 2310 899 2345 nobis
930 2314 1199 2358 inrepatronatus
1229 2314 1415 2347 inseruiunt
1431 2325 1576 2360 operose
1597 2314 1886 2349 consideracionis
1915 2318 2064 2349 intuitum

175 2373 429 2406 convertentes
460 2371 518 2405 Sic
548 2374 580 2405 in
611 2375 659 2406 eis
689 2372 885 2417 dignitatum
915 2377 1048 2408 statum.
1079 2376 1127 2407 sic
1150 2376 1413 2408 ministraneium
1435 2375 1586 2409 ordinem
1609 2381 1722 2410 nostre
1745 2379 2063 2423 circumspeccionis

176 2430 394 2477 prouidencia
423 2433 647 2470 moderemur.
686 2439 719 2468 vt
756 2439 788 2469 et
823 2437 987 2468 institutus
1023 2438 1054 2469 in
1091 2438 1171 2481 ipsis
1208 2436 1433 2482 precellencie
1463 2437 1599 2481 gradus,
1634 2442 1667 2472 et
1700 2437 1809 2472 debita
1844 2449 2064 2485 personarum

176 2492 324 2538 prelacio
355 2492 571 2529 Sufliciencie
600 2499 717 2542 pocius
748 2496 901 2531 vbertate
931 2497 1094 2543 proticiat,
1125 2508 1223 2544 quam
1255 2498 1405 2533 defectus
1436 2502 1640 2534 necessitute
1668 2500 1822 2536 vilescat.
1846 2499 1938 2534 Sanc
1968 2501 2065 2535 nobis

175 2553 216 2587 ad
246 2556 349 2600 ipsius
380 2554 616 2591 Olomucensis
645 2557 800 2592 Ecclesie
830 2559 997 2603 Regimen
1027 2559 1138 2593 diuina
1173 2564 1209 2594 vt
1244 2563 1442 2606 premissum
1481 2566 1533 2596 cst
1566 2561 1793 2608 disposicione
1828 2565 1940 2596 vocati
1976 2574 2067 2597 con-

174 2615 380 2651 firmacionis
417 2617 539 2664 adepto
576 2630 714 2654 munere
751 2624 783 2654 ct
819 2621 917 2667 plena
954 2620 1179 2668 Episcopatus
1215 2624 1317 2668 ipsius
1353 2622 1657 2657 administracionis
1693 2628 1859 2670 potestate
1895 2629 2064 2671 suscepta,

175 2681 295 2712 statum
324 2677 478 2713 Ecclesie
508 2679 624 2714 Sancti
654 2680 806 2727 Mauricij
839 2685 870 2717 in
901 2683 1042 2717 Ciuitate
1072 2688 1186 2718 nostra
1216 2683 1395 2728 Cremsier.
1417 2696 1515 2730 quam
1539 2688 1591 2732 pia
1615 2685 1896 2731 predecessorum
1925 2691 2067 2722 nostro-
