2325 2941
1213 143 1280 177 1530

317 269 452 308 quarum
482 261 636 295 siluarum
666 263 751 293 mete
780 261 987 304 apertissime
1016 262 1090 292 sunt
1120 257 1283 299 distinete,
1314 257 1477 290 violenter
1512 259 1698 302 occupauit.
1735 261 1765 290 et
1795 256 1900 290 adhuc
1930 261 2044 291 contra
2073 256 2172 291 deum

318 327 350 356 et
378 325 537 356 iusticiam
565 320 687 354 detinet
716 323 907 365 occupatas.
945 318 1032 353 vnde
1067 318 1172 352 solum
1208 317 1304 351 deum
1340 328 1398 362 pre
1433 317 1536 351 oculis
1569 317 1693 351 habere
1728 317 1892 359 volentes,
1921 322 1953 351 et
1986 320 2172 363 sapientum

318 386 371 417 vsi
398 382 535 416 consilio
565 383 757 414 auctoritate
800 380 894 414 nobis
923 379 1039 413 tradita
1082 383 1114 413 et
1141 381 1318 412 commissa
1361 377 1509 411 indicto
1549 381 1693 423 negocio
1735 380 1958 423 processimus
2000 377 2172 412 diffinitiue

318 441 593 488 condempnando
636 440 798 487 prefatum
840 440 983 474 nobilem
1020 440 1060 474 de
1103 438 1333 473 Sternwerch.
1376 442 1408 472 et
1436 441 1540 484 ipsum
1583 439 1622 473 ad
1663 441 1909 473 restitucionem
1951 439 2172 485 predictarum

318 504 475 538 siluarum
503 507 533 536 et
562 504 791 548 piscat-ionum
820 501 891 535 sore
920 500 1119 545 cogendunn
1150 499 1363 534 decernendo
1390 510 1458 533 non
1486 499 1691 534 obstantibus
1713 498 1976 545 excepcionibus
1997 511 2057 546 per
2077 510 2173 534 suum

319 568 548 598 accusatorem
576 565 766 609 propositis.
796 573 878 607 quas
907 562 947 595 ad
977 561 1150 595 consilium
1181 563 1441 606 iurisperitorum
1470 571 1537 594 non
1565 560 1754 594 admisimus
1789 563 1872 594 sicut
1903 571 1966 594 nee
2001 559 2173 595 debuimus

319 627 389 658 iure
417 623 624 670 prohibente.
669 624 780 664 Quare
821 622 918 656 vobis
961 625 992 656 in
1019 625 1140 656 virtute
1183 626 1298 655 sancte
1340 621 1534 655 obediencie
1575 626 1607 655 et
1635 621 1694 655 sub
1736 632 1821 667 pena
1864 623 2092 667 suspensionis
2132 620 2174 656 ab

318 688 473 730 ingressu
500 684 665 721 Ecclesie,
695 695 792 730 quam
828 695 960 717 exnunc
996 688 1090 729 prout
1126 687 1248 716 extunc
1283 685 1315 716 in
1352 692 1412 716 vos
1446 681 1593 725 serium&
1629 685 1655 716 si
1691 682 1881 716 mandatum
1908 686 2068 725 nostrum,
2095 692 2175 727 ymo

319 748 433 792 pocius
463 746 680 792 apostolicum
708 745 925 789 neglexeritis
955 744 1145 790 adimplere,
1176 746 1371 777 auctoritate
1399 742 1582 789 apostolica
1611 743 1755 777 districte
1787 742 2002 789 precipIendo
2030 742 2177 776 manda-

321 818 405 849 mns,
435 811 596 852 quatenus
639 806 819 852 predictum
860 804 1010 839 Nobilem
1053 804 1182 851 publice
1225 807 1388 838 moneatis
1429 809 1460 838 et
1487 815 1548 850 per
1574 815 1637 837 vos
1665 815 1727 838 seu
1768 815 1828 850 per
1855 804 1939 838 alios
1966 806 2087 838 vestris
2114 804 2178 850 pijs

320 870 451 902 monitis
492 867 666 903 inducatis.
709 871 743 900 ut
770 866 873 899 dictas
915 866 1024 900 Siluas
1066 870 1098 900 et
1138 868 1347 911 piscaciones
1389 865 1483 899 dictis
1523 864 1646 899 Abbati
1688 869 1720 899 et
1748 864 1933 899 Conuentui
1974 863 2180 909 integraliter

320 931 479 962 restituat.
509 939 581 962 eum
611 928 761 974 dampnis
790 927 886 961 illatis
915 931 945 960 et
974 929 1134 973 expensis
1162 925 1258 960 huius
1286 929 1334 960 rei
1364 937 1466 960 cansa
1493 925 1601 968 sactis,
1631 930 1662 959 et
1694 925 1830 960 eosdem
1858 925 2050 970 Religiosos
2085 927 2178 959 viros

322 990 477 1036 predictis
512 988 609 1023 bonis
638 992 682 1023 vti
726 988 862 1035 pacifice
904 992 935 1022 et
964 988 1065 1021 libere
1107 990 1280 1033 permittat.
1311 998 1371 1022 seu
1413 987 1493 1021 alias
1522 998 1596 1020 cum
1637 989 1717 1033 ipsis
1745 986 1962 1021 amicabiliter
2001 990 2181 1032 componat

321 1050 405 1085 infra
436 1050 512 1085 hinc
540 1055 571 1084 et
600 1050 686 1084 diem
714 1049 801 1083 beati
829 1049 960 1083 Martini
1002 1051 1153 1095 proxime
1188 1048 1372 1084 all'uturam.
1410 1048 1554 1094 alioquin
1589 1059 1734 1090 exnunc.
1769 1052 1866 1094 prout
1899 1051 2023 1081 extunc
2058 1046 2180 1081 dietum

320 1111 472 1146 Nobilem
515 1111 556 1145 de
590 1110 806 1145 Sternwerch
848 1110 987 1155 singulis
1029 1109 1144 1143 diebus
1185 1109 1357 1143 dominicis
1399 1114 1430 1143 et
1472 1109 1602 1143 festinis
1643 1110 2004 1143 excomnnmicaeionis
2044 1106 2179 1142 vinculo

322 1173 510 1208 innodatum
541 1184 600 1219 per
628 1183 688 1206 nos
717 1182 829 1218 ymmo
859 1174 972 1205 verius
1014 1171 1221 1205 Auctoritate
1263 1170 1446 1216 apostolica
1487 1169 1618 1216 publice
1660 1180 1773 1204 coram
1814 1169 1935 1215 populo
1976 1172 2008 1203 in
2038 1168 2180 1202 ambone

322 1239 434 1268 vestre
476 1234 628 1269 Ecclesie
669 1232 878 1267 Kathedralis
920 1244 959 1266 ac
1000 1235 1146 1266 omnium
1189 1231 1327 1265 aliarum
1368 1231 1594 1266 Ecclesiarum
1637 1235 1749 1265 vestre
1791 1230 1946 1267 diocesis,
1988 1229 2043 1263 ubi
2083 1228 2181 1263 vobis

324 1295 487 1329 xidebitur
515 1295 689 1340 expedire.
719 1294 936 1335 denuncietis,
967 1305 1024 1327 seu
1055 1293 1248 1327 denunciari
1278 1292 1420 1335 facietis,
1448 1291 1646 1326 Mandantes
1675 1294 1782 1337 ipsum
1817 1291 1858 1325 ab
1887 1290 2039 1325 omnibus
2068 1289 2183 1324 christi

323 1356 471 1390 fidelihus
499 1358 609 1390 arcius
637 1358 765 1393 euitat-h
795 1355 903 1389 donec
931 1357 1042 1388 omnia
1065 1354 1211 1400 predicta
1242 1353 1329 1388 bona
1356 1353 1560 1397 integraliter
1587 1355 1736 1387 restituat
1756 1357 1789 1386 et
1810 1352 1977 1397 condigne
2000 1349 2184 1385 satisfaciat

323 1417 473 1463 dampnis
501 1422 532 1451 et
561 1419 730 1463 expensis.
761 1416 880 1449 Datum
921 1415 1070 1449 W'ienne
1099 1415 1199 1449 Anno
1243 1415 1364 1448 domini
1405 1413 1625 1448 M⁰ccc⁰xx
1666 1416 1817 1460 proxima
1860 1412 1943 1447 feria
1985 1416 2082 1447 sexta
2109 1415 2185 1458 post

322 1481 525 1512 natiuitatem
555 1480 695 1522 xirginis
723 1476 839 1511 Marie.

1842 1508 1854 1524 1

633 1544 666 1572 (Ε
691 1543 787 1569 codiee
811 1544 857 1570 ns.
885 1543 931 1569 sol.
957 1542 1006 1570 27.
1033 1543 1058 1569 in
1085 1542 1195 1569 archivo
1220 1542 1339 1576 ejusdem
1366 1541 1520 1567 monasterii
1546 1541 1613 1575 apud
1638 1541 1667 1567 C.
1693 1540 1722 1567 R.
1747 1540 1863 1567 Gubern.
1889 1539 2007 1571 Brunae.)

1181 1619 1327 1653 CLXIX.

497 1672 724 1726 Ludovieus.
769 1691 992 1725 Romanorum
1036 1702 1108 1732 rex,
1153 1689 1248 1723 tradit
1289 1689 1445 1725 Johanni.
1489 1692 1560 1733 regi
1603 1688 1772 1722 Bohemiae
1801 1692 1832 1721 et
1859 1687 2016 1724 Poloniae,
2045 1687 2184 1730 ejusque

327 1753 502 1787 heredibus
531 1758 562 1786 et
591 1752 841 1787 successorssns
872 1751 1039 1785 ssohemizn
1068 1750 1204 1795 regibus
1235 1750 1415 1785 marchiam
1444 1754 1476 1783 et
1505 1754 1624 1783 terram
1654 1749 1925 1783 Budissinensem
1957 1752 1989 1781 ct
2017 1749 2184 1781 civitatem

328 1814 485 1847 Caiiientz
516 1826 553 1847 ae
584 1817 774 1848 universum
804 1813 980 1846 dominium
1011 1812 1204 1849 earundem,
1234 1823 1305 1857 quw
1334 1811 1374 1844 ad
1405 1813 1574 1857 imperium
1611 1822 1654 1844 ex
1683 1822 1735 1845 eo.
1765 1808 1851 1854 quod
1886 1807 2050 1854 quondam
2079 1806 2185 1840 Wol-

328 1874 492 1909 demarus.
524 1874 669 1908 marchio
715 1873 1060 1916 llrandenburgensis,
1089 1876 1162 1907 sine
1203 1872 1326 1907 herede
1368 1872 1522 1906 decessit.
1565 1871 1696 1905 fuerant
1736 1870 1901 1912 deuoluta,
1931 1871 1962 1902 in
1992 1867 2124 1902 l'eudum
2153 1871 2186 1902 et

324 1937 379 1979 jus
409 1934 495 1969 l'eudi
525 1936 699 1969 tenendum
729 1940 759 1970 et
794 1935 1041 1981 possidendum.
1078 1934 1131 1968 Dt.
1169 1937 1199 1967 in
1235 1936 1353 1968 castris
1388 1944 1490 1979 prope
1527 1932 1637 1965 villam
1674 1930 1852 1973 llasulach,
1887 1929 1963 1963 Idus
1997 1927 2184 1975 Scptembr.

330 1996 428 2029 Anno
458 1996 578 2029 domini
608 1997 779 2030 millesimo
809 1999 1042 2030 trecentesimo
1071 1998 1245 2030 vicesimo.
1276 1994 1385 2038 Regni
1417 2005 1497 2027 vero
1526 2004 1614 2026 1111111)
1642 1997 1750 2027 sexto.

644 2066 749 2096 (lliedel
773 2067 839 2093 t'orl.
865 2067 1003 2101 diplomat.
1030 2066 1220 2100 ssrandenburg
1246 2065 1262 2091 l.
1288 2074 1313 2099 p.
1340 2064 1411 2091 40⁴).
1437 2073 1461 2090 n.
1490 2063 1589 2093 DLlll.)

1195 2150 1325 2185 CLXX.

502 2202 707 2256 Johannes.
739 2234 820 2268 papa
853 2222 959 2256 xx‘ll.
990 2225 1150 2268 episcopo
1181 2221 1383 2263 Camineiisi,
1413 2222 1589 2266 pra-,posito
1618 2218 1768 2253 ecclesiae
1797 2217 1838 2250 de
1867 2216 1902 2250 S.
1935 2216 2054 2260 Cruce,
2077 2215 2189 2250 Wra-

330 2284 547 2317 tislawiensis
576 2283 750 2316 dioecesis.
782 2283 876 2316 Aul-‘e
906 2283 1021 2325 Regia*r
1051 2288 1083 2317 et
1119 2283 1369 2316 Brunowiensis
1411 2282 1686 2315 monasteriorum
1729 2277 1912 2315 abbatibus.
1942 2277 2071 2312 decano
2100 2275 2190 2311 Olo-

332 2347 493 2387 mucensi,
524 2343 696 2378 abbatibus
726 2347 755 2377 in
786 2343 873 2376 Luca
903 2348 934 2377 et
962 2343 1174 2385 Zalmlowic,
1212 2343 1386 2377 Scotorum
1423 2345 1453 2376 in
1489 2341 1619 2375 Vienna
1654 2344 1685 2373 et
1714 2339 1749 2372 S.
1780 2339 1906 2377 Crucis,
1943 2335 2188 2385 praepositoque

332 2408 362 2439 in
394 2405 576 2449 Nitenburg
618 2405 657 2438 ad
699 2407 970 2450 conquestionem
1014 2404 1164 2449 Magistri
1207 2408 1238 2439 et
1279 2403 1414 2437 fratrum
1458 2401 1582 2435 ordinis
1623 2400 1658 2434 S.
1701 2400 1863 2435 Johannis
1905 2399 2189 2435 Hierosolimitani

332 2466 476 2502 mandat.
507 2470 537 2500 ut
566 2470 780 2512 compescant
810 2467 995 2500 invasores.
1039 2465 1228 2499 detentores
1270 2469 1302 2498 et
1329 2464 1559 2498 molestatores
1599 2460 1761 2495 bonorum
1803 2465 1834 2495 et
1866 2471 2084 2507 personarum
2112 2459 2189 2494 dicti

333 2527 467 2561 ordinis.
498 2528 550 2561 Di.
583 2527 752 2561 Avinione
782 2525 854 2559 Vll.
885 2525 960 2559 Idus
990 2526 1156 2562 Octobris.
1186 2525 1397 2559 l‘ontil'icatus
1426 2534 1514 2557 1111110
1544 2521 1583 2555 V.
1620 2521 1726 2556 1320.

643 2592 843 2625 (schwandncr
866 2591 890 2618 in
917 2592 1026 2625 lit-gest.
1054 2592 1100 2618 Ms.
1125 2591 1188 2618 11111,
1207 2593 1232 2618 S.
1247 2591 1378 2618 ,lobannis
1403 2588 1575 2616 llierosolim.
1602 2588 1711 2615 viennw
1736 2598 1749 2614 e
1774 2587 1966 2623 Diplomatario
1998 2587 2086 2622 Magni
2110 2585 2190 2614 Prio-

746 2649 818 2671 ratus
843 2643 999 2673 Bohemize.)
