2341 3005
131 286 238 319 nostri
266 283 378 317 fratris
406 281 570 316 Johannis
599 284 631 316 in
661 279 894 326 Zmilenheym
923 278 1073 313 Professi
1103 282 1134 313 et
1165 278 1307 312 fidelium
1338 277 1377 311 ad
1408 281 1606 312 instanciam
1640 280 1743 324 ipsius
1780 276 1894 311 Gratia
1925 277 2018 323 Spe-

131 345 206 380 ciali
248 344 358 379 eidem
394 355 508 379 sumus
548 342 809 378 misericorditer
844 341 1008 385 inclinati,
1052 345 1085 374 ut
1125 342 1275 386 quisquis
1311 342 1616 385 quocienscumque
1658 339 1698 374 ad
1741 339 1860 374 Altare
1903 342 2017 386 ipsius.

132 406 297 441 Videlicet
326 406 498 441 Trinitatis
526 404 701 440 Michaelis
729 408 763 438 et
791 403 948 437 Omnium
976 402 1187 448 Angelorum
1215 401 1354 436 Missam
1383 400 1618 435 celebraverit.
1647 401 1851 436 x‘elDevote
1867 401 2018 435 audierit.

131 468 243 515 ibique
277 471 437 502 oraverit.
475 468 544 502 Seu
573 467 661 501 idem
688 465 792 500 frater
820 465 1022 499 Sermonem
1050 475 1110 511 pro
1140 464 1203 498 Dei
1232 463 1355 510 populo
1385 462 1515 497 fecerit.
1547 467 1576 497 et
1613 466 1918 509 quocienscumque
1948 466 2021 508 quis

132 533 240 578 ipsun]
268 532 302 564 in
331 529 450 564 eodem
479 529 587 563 Altari
616 532 649 563 in
677 527 780 571 libris,
812 526 941 561 Ornatu
969 526 1204 572 qualIcuinque
1233 530 1265 560 et
1294 525 1530 559 Luminaribus
1553 528 1794 571 promoverint.
1818 528 2020 559 intencione.

132 591 252 635 veth
283 596 315 626 et
343 602 445 638 opere
475 602 577 625 manu
606 593 714 625 eciam
742 591 958 636 porrexerint
993 588 1202 633 adjutricem,
1239 587 1367 621 eisdem
1397 586 1551 621 omnibus
1584 589 1767 633 prenotatis
1795 586 1854 620 XL
1884 586 2020 620 Dici-nm

132 653 367 699 indulgencias
397 652 438 687 de
467 654 624 697 injunctis
654 651 717 686 sibi
745 653 944 698 penitenciis
975 653 1007 685 in
1037 650 1183 684 Domino
1213 648 1475 683 misericorditer
1504 648 1861 682 1·elaxamus.'Datum
1878 652 1909 682 in
1926 648 2023 682 Zmi—

133 714 292 762 lenheym
319 714 393 749 VII.
423 713 497 748 Kal.
527 713 727 748 Decembris
755 713 857 747 Anno
885 711 1152 746 MCCCXXVII.
1183 710 1397 758 presentibus
1432 714 1465 745 in
1494 714 1690 757 perpetuum
1719 710 1882 744 valituris.
1926 709 2022 744 Hanc

134 781 245 812 autem
273 777 415 811 litteram
444 775 557 819 scribi,
588 780 620 809 et
649 778 752 810 nostri
781 774 881 820 sigilli
910 777 1092 808 munimine
1121 773 1262 807 fecimus
1291 772 1456 807 roborari.

451 838 484 871 (E
509 837 660 864 §lonastico
685 838 733 865 ils.
759 838 786 864 in
811 841 885 864 tomo
910 836 1133 864 Cisterciensium
1158 835 1184 862 in
1210 835 1320 862 archivo
1346 835 1555 870 Rthradensi.)

995 915 1167 950 CCCLLY.

134 971 367 1017 Magistratus
409 967 564 1004 canatis
596 969 727 1004 Montis
773 969 916 1004 Clmlnoe
958 972 1121 1012 testatur,
1156 972 1315 1014 quartam
1348 972 1486 1014 purtem
1518 969 1612 1001 rtee'us
1651 967 1838 1002 Sclez'cleloe.
1883 979 1930 1001 εα-
1959 978 2023 1012 (μαι

134 1034 379 1068 monasterium
408 1031 565 1067 Sarense
594 1031 759 1066 decimam
783 1030 1015 1077 percipielnzt7
1054 1032 1129 1065 sine
1152 1031 1358 1076 praejudicio
1390 1031 1558 1064 venditam
1595 1042 1684 1064 esse.
1728 1029 1788 1063 Dc.
1826 1029 1864 1063 In
1908 1029 2025 1062 Ji'ttlna

828 1095 859 1128 ἱη
886 1095 978 1139 festo
1008 1092 1047 1128 S.
1079 1092 1194 1127 Lucioe
1225 1092 1338 1127 1327.

310 1146 402 1200 Ros
444 1164 658 1199 Hermannus
686 1164 799 1199 Judex
826 1175 961 1199 necnon
990 1163 1144 1198 Pertinus
1172 1163 1322 1198 Ekhardi
1352 1168 1382 1198 et
1412 1162 1626 1197 Hermannus
1662 1163 1702 1197 de
1733 1162 1846 1197 Cornu
1874 1161 2027 1207 Magistri

135 1227 343 1271 Juratorum,
387 1226 550 1272 simulque
591 1226 823 1270 VVilmannus,
867 1225 1112 1272 Engelbertusr
1155 1225 1404 1260 Reimnannns.
1450 1225 1723 1259 Chuntzmannus
1759 1225 1799 1259 de
1833 1222 2026 1270 Morspach.

136 1283 302 1324 Martinus
336 1288 458 1331 Nesel,
497 1288 655 1323 Andreas
692 1288 838 1334 Claricij.
874 1288 1030 1335 Syfridus
1066 1287 1107 1322 de
1141 1286 1399 1322 Haclienherch.
1430 1292 1461 1321 et
1493 1286 1684 1321 (lantherus
1720 1286 1885 1321 Grosman
1914 1288 2030 1320 nomi-

137 1355 247 1395 natus,
277 1350 457 1397 Ceterique
484 1349 592 1384 Jurati
620 1353 740 1384 montis
769 1350 891 1394 Kutne.
921 1350 1216 1395 Recognoscimus
1244 1352 1413 1384 x'iiiuersis
1443 1354 1509 1383 tam
1538 1348 1750 1396 presentibus
1780 1360 1877 1394 quam
1899 1348 2028 1382 futuris.

139 1412 235 1455 Quod
271 1412 402 1447 nobiles
436 1414 500 1446 viri
538 1411 662 1446 domini
693 1412 796 1447 Jesco
827 1417 859 1446 et
888 1412 1110 1459 Heymannus
1139 1411 1262 1446 fratres
1292 1412 1368 1445 dicti
1397 1411 1564 1445 Kruscliin
1594 1411 1634 1445 de
1668 1409 1947 1445 Leuchtenburch
1977 1412 2029 1455 qui

138 1485 242 1509 vnam
271 1473 433 1516 Quartam
462 1478 592 1520 partem
620 1477 720 1508 mins
750 1473 920 1518 Schichte‚
952 1485 1017 1520 que
1047 1474 1218 1508 sedecima
1247 1485 1326 1520 pars
1356 1473 1475 1508 dicitur
1503 1476 1536 1508 in
1566 1476 1734 1507 communi
1763 1484 1860 1519 quam
1885 1475 1915 1506 in
1932 1471 2029 1506 Nona

139 1540 233 1583 parte
261 1535 371 1571 fabrili
401 1539 433 1570 in
464 1536 546 1579 Orto
575 1535 688 1570 humili
718 1535 893 1571 nobiscum
924 1539 957 1570 in
987 1535 1105 1570 kuccis
1135 1535 1261 1571 habere
1290 1536 1521 1579 dinoscuntur,
1551 1535 1706 1570 Discreto
1735 1538 1809 1568 viro
1831 1546 1869 1568 ac
1889 1533 2028 1580 prouido

139 1597 354 1633 Reimbotoni
395 1596 535 1632 Notario
571 1597 710 1632 Conciui
742 1603 858 1633 nostro
888 1609 948 1645 pro
979 1597 1231 1643 Quinquaginta
1261 1597 1390 1632 duabus
1420 1597 1615 1642 Sexagenis
1644 1607 1842 1642 grossorum
1872 1595 2032 1640 Pragen-

140 1662 227 1694 sium
265 1659 479 1694 denariorum
523 1658 645 1693 Coram
680 1659 776 1695 nobis
811 1663 874 1694 rite
910 1672 949 1694 ac
984 1660 1235 1694 racionabiliter
1270 1660 1493 1694 vendiderunt
1526 1658 1703 1693 tenendam
1740 1662 1771 1692 et
1804 1656 2031 1692 vtisruendam

140 1732 216 1756 cum
245 1720 401 1756 omnibus
432 1724 501 1756 suis
530 1721 748 1768 prouentibus
777 1726 878 1767 atque
906 1722 1008 1756 lucris
1039 1734 1099 1769 pro
1130 1734 1166 1757 se
1196 1726 1229 1756 et
1257 1721 1414 1756 omnibus
1443 1724 1511 1755 suis
1540 1719 1719 1754 heredibus
1749 1731 1809 1754 seu
1845 1729 2032 1754 successo-

139 1782 231 1818 rihus
259 1786 429 1818 vniuersis
459 1787 652 1829 exemptam
681 1788 715 1818 et
743 1787 878 1818 omnino
907 1783 1046 1818 liberam
1076 1796 1093 1818 a
1125 1784 1254 1818 decima
1284 1788 1392 1830 parte.
1424 1794 1522 1828 qnam
1552 1782 1592 1816 de
1621 1785 1692 1828 ipsa
1721 1785 1852 1827 integra
1882 1780 2032 1815 schichta

140 1844 316 1891 hucusque
358 1845 440 1879 dare
483 1849 515 1879 et
550 1845 745 1892 persoluere
786 1846 872 1880 vltra
910 1845 1092 1893 Expensas
1126 1845 1247 1879 ibidem
1288 1844 1462 1878 faciendas
1503 1843 1689 1889 Religiosis
1725 1846 1809 1877 viris
1847 1842 1958 1877 abbati
2001 1847 2032 1876 et

141 1906 331 1941 Conuentui
351 1906 547 1941 Monasterii
577 1906 676 1941 fontis
705 1911 832 1942 sancte.
862 1907 970 1942 Mai-ie
998 1910 1140 1953 virginis
1177 1910 1208 1941 in
1246 1907 1310 1940 Sar
1346 1906 1426 1940 Ord.
1464 1905 1603 1940 Cistcrc.
1641 1917 1686 1940 ex
1719 1916 1802 1940 vero
1832 1907 2032 1952 patrimonio

142 1973 411 2012 consueueruut‚
446 1973 479 2003 et
517 1968 664 2003 tribuere
698 1968 779 2004 Jure
813 1969 1014 2004 hereditario
1050 1973 1125 2003 sunt
1161 1971 1306 2004 astricti.
1340 1967 1407 2014 Ipsi
1443 1967 1554 2002 abbati
1590 1972 1623 2001 et
1664 1967 1852 2002 Conuentui
1894 1967 2033 2014 predicti

141 2029 342 2065 Monasterii
375 2030 416 2064 de
459 2030 616 2077 predictis
650 2030 724 2065 aliis
759 2033 828 2065 suis
865 2031 970 2065 tribus
1008 2030 1196 2065 Sedecimis
1235 2029 1383 2077 partibus
1426 2029 1576 2064 eiusdem
1610 2028 1768 2063 Schichte
1796 2028 1895 2063 None
1930 2030 2034 2075 partis

143 2091 324 2139 prelibate‚
358 2102 442 2137 quas
478 2092 585 2126 adhuc
629 2092 751 2126 ibidem
784 2096 929 2127 retinent
970 2093 1104 2140 plenam
1140 2104 1179 2126 ac
1223 2091 1405 2139 perfectam
1442 2091 1606 2126 decimam
1642 2102 1706 2138 que
1736 2090 1776 2125 de
1806 2102 1872 2125 vna
1903 2094 2032 2135 integra

144 2151 294 2188 schichta
336 2153 422 2188 vltra
465 2153 646 2201 Expensas
682 2158 717 2187 vt
751 2158 951 2200 premissum
988 2159 1049 2197 est,
1086 2157 1207 2201 poterit
1249 2153 1394 2188 deriuari
1433 2156 1495 2200 ipsi
1525 2153 1648 2188 domini
1679 2157 1711 2187 et
1738 2155 1889 2187 vniuersi
1918 2162 2034 2186 eorum

146 2225 368 2250 successores
398 2216 538 2261 singulis
568 2218 762 2262 septimanis
791 2218 864 2250 sinc
893 2216 1168 2250 contradiccionc
1197 2227 1257 2250 seu
1287 2219 1517 2262 occnpacione
1547 2215 1656 2261 aliqua
1679 2214 1823 2249 debeant
1838 2213 2034 2260 persoluere

144 2276 244 2324 pleno
269 2277 346 2321 jure
375 2276 609 2312 promittentes
638 2281 669 2311 et
699 2277 903 2324 spondentes
934 2276 1055 2312 Coram
1085 2277 1183 2312 nobis
1212 2276 1343 2324 publice
1372 2280 1445 2311 sine
1475 2277 1540 2311 doli
1569 2279 1733 2324 capcione
1762 2274 1936 2310 cuiuslibet
1970 2274 2034 2308 tide

145 2337 234 2382 data,
266 2336 363 2380 Quod
393 2341 454 2384 ipsi
482 2343 515 2373 et
542 2342 692 2373 vniuersi
724 2350 839 2373 eorum
870 2350 1090 2373 successores
1120 2349 1289 2384 nunquam
1319 2338 1429 2384 aliquo
1460 2342 1618 2386 temporis
1654 2337 1839 2380 interuallo,
1871 2335 2034 2384 prefatam

147 2399 311 2435 decimam
348 2399 458 2434 abbati
493 2404 525 2435 et
561 2400 748 2435 Conuentui
784 2400 921 2448 predicti
956 2400 1153 2435 Monastcrii
1185 2400 1327 2435 debeant
1357 2401 1555 2445 diminuere,
1590 2411 1653 2435 nec
1681 2399 1814 2434 auferre
1845 2398 2036 2433 Occasione

147 2461 210 2497 sibi
240 2462 349 2508 aliqua
379 2462 596 2508 sulI'ragante.
626 2463 663 2497 In
693 2465 788 2508 cujus
817 2465 864 2497 rei
895 2466 1119 2497 testimonium
1150 2467 1182 2497 ct
1211 2462 1313 2497 robur
1341 2467 1503 2510 perpetuo
1533 2462 1708 2497 valiturum
1738 2464 1914 2507 presentes
1937 2460 2036 2505 sigilli

147 2526 254 2558 nostri
282 2523 423 2559 fecimus
452 2523 636 2558 Munimine
670 2524 833 2559 roborari.
878 2525 1000 2559 Actum
1030 2529 1061 2559 et
1091 2524 1202 2558 datum
1239 2527 1270 2558 in
1300 2524 1421 2569 Kutna,
1456 2525 1557 2559 Anno
1587 2524 1709 2558 domini
1736 2521 1914 2556 Millesimo
1944 2522 2036 2556 Tre—

148 2588 333 2620 centesimo
361 2587 683 2632 vicesiinoseptimm
713 2586 749 2621 In
779 2586 865 2621 festo
895 2590 1010 2620 sancte
1040 2585 1142 2620 Lucic
1172 2589 1325 2631 virginis.

464 2647 554 2683 (Oi-ig.
593 2648 738 2676 membran.
776 2658 834 2676 cum
867 2649 959 2677 sigillo
992 2649 1060 2675 hene
1093 2652 1257 2675 conservato
1288 2648 1315 2676 in
1345 2649 1457 2676 archivo
1489 2648 1610 2683 ejusdem
1651 2646 1807 2673 monasterii
1840 2646 1909 2681 apud
1941 2646 1969 2673 C.
2005 2646 2034 2673 n.

569 2700 687 2728 Gubern.
714 2701 807 2728 Brunae
832 2702 881 2729 sub
907 2701 945 2729 tit.
973 2702 1005 2728 Α.
1031 2710 1056 2728 n.
1085 2700 1134 2729 35.
1163 2701 1313 2729 Excussum
1339 2702 1409 2737 apud
1435 2701 1580 2728 Steinbach
1606 2700 1637 2727 ll.
1663 2708 1726 2735 pag.
1753 2698 1817 2731 58.)
