2325 2941
314 401 427 436 With-0
461 400 501 433 [Ie
539 391 719 433 Sei-abenic
753 399 885 442 confert
920 399 1108 443 prcrposito
1142 401 1177 431 et
1211 399 1392 432 concentui·
1426 398 1651 433 cherase'ense?
1677 402 1738 443 jus
1767 403 1976 444 patronatus
2005 400 2160 434 ecelesiae

308 464 339 495 iu
374 462 550 495 ,llorawcw
585 463 730 505 oratque
764 459 953 493 ιΙοΙιιιηηειη
992 460 1113 502 (flente
1152 458 1434 502 chtlclsteim'am]
1475 461 1667 504 episcopum
1710 460 1973 504 Oloimtcensem,
2005 465 2040 495 ut
2072 461 2160 495 Ιιαηο

620 521 839 555 collationem
868 521 1053 564 confirmet.
1084 519 1145 553 Dt.
1175 519 1302 554 Brmece
1330 519 1398 554 III.
1428 520 1510 554 Idus
1539 520 1704 555 ,Ιαηιιανὶί
1730 521 1842 555 1307.

477 610 524 664 ln
558 633 692 664 nomine
726 629 859 664 Domini
895 640 1002 663 amen.
1045 627 1116 664 Nos
1157 628 1273 665 Wz‘tlto
1308 629 1402 664 miles
1437 629 1478 664 de
1513 629 1729 674 Seoabenz‘cz,
1765 633 1838 666 sive
1880 630 1920 665 de
1954 631 2160 666 Hermam'cz

305 697 416 727 notum
444 702 520 727 esse
548 694 697 738 cupimus
725 693 901 733 universis,
930 692 1143 736 presencium
1176 693 1333 724 noticiam
1367 689 1538 735 habituris,
1575 691 1662 737 quod
1698 702 1759 726 nos
1795 691 2047 727 considerantes
2075 695 2162 727 inter

304 756 449 788 caritatis
478 763 580 799 opera
616 763 682 786 non
716 762 794 786 esse
827 754 997 785 minimum
1031 751 1270 786 eleemosinam
1304 751 1486 797 Religiosis
1520 751 1615 796 locis,
1650 755 1683 786 in
1711 751 1828 798 quibus
1863 752 2060 787 famulantes
2086 752 2161 787 Deo

303 814 450 857 militant,
480 813 613 858 elargiri
641 817 673 847 et
700 815 870 858 cupientes
898 816 1074 858 propterea
1096 811 1318 847 honestorum
1352 824 1391 847 ac
1418 812 1667 858 Religiosorum
1694 812 1850 848 Virorum
1877 813 2051 860 Prepositi,
2080 816 2161 848 toti-

303 887 407 922 usque
435 879 619 909 conventus
648 874 783 908 fratrum
812 873 936 908 ordinis
965 876 1070 909 sancti
1097 873 1287 919 Aztyustz'ni
1313 874 1586 909 Sacro-Sancti
1610 874 1785 919 sepulchri
1810 874 1984 909 Dominici
2009 874 2160 909 Jeroso-

303 937 460 982 lyme'lam‘
485 937 600 970 (lomus
628 935 866 969 Zderasiensis
895 935 1083 980 Prayensz's
1111 934 1278 970 Dioecesis
1306 946 1367 982 per
1394 946 1455 970 nos
1491 947 1531 970 ac
1566 940 1697 970 nostros
1725 935 1989 970 Predecessores
2024 935 2161 970 fundate

303 1010 365 1033 sen
400 1000 574 1032 constitute
608 999 670 1043 piis
705 996 878 1031 desideriis
908 995 1114 1041 satisfacere,
1150 1000 1182 1030 et
1215 999 1325 1042 inopie
1361 999 1520 1043 ipsorum,
1556 1001 1712 1042 quantum
1745 1007 1933 1043 possumus,
1969 995 2160 1040 subvenire,

302 1059 362 1093 Jus
399 1058 594 1092 Pati-onatus
629 1057 782 1092 Ecclesie
825 1060 856 1091 in
891 1057 1072 1091 Morawan
1105 1057 1183 1092 villa
1225 1062 1340 1092 nostra
1378 1057 1811 1093 olomucensisvDioecesis
1853 1069 1927 1092 cum
1967 1057 2160 1101 redditibus,

302 1119 472 1161 fructibus,
501 1118 701 1161 utilitatibus,
731 1121 929 1162 attinenciis,
965 1122 996 1152 et
1019 1118 1149 1164 juribus
1183 1121 1350 1153 universis
1387 1118 1427 1153 ad
1454 1122 1561 1165 ipsam
1587 1118 1774 1154 Ecclesiam
1801 1118 2051 1165 pertinentibus,
2080 1121 2160 1165 ipsis

302 1181 474 1226 Preposito
503 1185 535 1214 et
568 1179 733 1223 fratribus,
770 1191 810 1214 ac
844 1182 992 1226 ipsorum
1027 1179 1279 1215 successoribus
1313 1185 1448 1226 propter
1480 1180 1599 1224 Deum,
1637 1191 1677 1214 ac
1710 1184 1898 1215 nostrorum
1930 1182 2161 1215 remissionem

302 1245 542 1288 peccaminum,
572 1241 613 1276 de
641 1241 791 1283 consilio,
821 1252 1001 1284 consensu,
1031 1252 1071 1275 ac
1097 1241 1268 1276 voluntate
1297 1241 1414 1276 dilecte
1442 1246 1557 1277 nostre
1591 1242 1745 1286 conjugis
1780 1241 1922 1276 Domine
1949 1241 2102 1276 Perclcte
2129 1244 2163 1276 et

301 1303 433 1338 Domini
474 1302 675 1346 H'sseborc'i,
715 1302 899 1345 Gerltarcle',
935 1314 975 1336 ac
1009 1302 1178 1337 Jolaamn's
1213 1303 1254 1337 de
1290 1303 1376 1337 dicto
1411 1302 1616 1337 Swabem'cz
1657 1302 1796 1337 filiorum
1836 1307 2025 1337 nostrorum
2066 1301 2162 1337 nobis

303 1364 504 1398 Dilectorum
538 1363 763 1407 concedimus,
799 1364 926 1402 damus,
962 1369 995 1398 et
1022 1363 1224 1399 conferimus
1257 1363 1437 1399 liberaliter
1476 1375 1537 1411 per
1563 1367 1655 1410 ipsos
1683 1383 1705 1389 -
1732 1383 1755 1389 -
1781 1363 1987 1410 Prepositum
2015 1367 2048 1398 et
2074 1373 2163 1398 con-

302 1430 436 1459 ventum
466 1425 654 1465 tenendum,
683 1424 871 1459 habendum
899 1430 932 1459 et
958 1425 1194 1472 possidendum
1222 1428 1255 1459 in
1283 1430 1478 1472 perpetuum
1505 1425 1603 1472 pleno
1630 1425 1723 1469 Jure,
1752 1428 1858 1471 ipsum
1885 1424 1945 1460 Jus
1967 1424 2163 1459 Patronatus

302 1489 334 1520 111
363 1487 466 1521 dictos
495 1486 701 1533 Propositum
730 1491 761 1521 et
789 1491 990 1521 conventum
1032 1498 1071 1520 ac
1105 1497 1321 1521 successores
1356 1490 1503 1533 ipsorum
1537 1497 1582 1520 ex
1609 1497 1697 1521 nunc
1732 1490 1846 1521 tenore
1880 1488 2090 1533 presencium
2118 1495 2163 1519 ex

302 1553 390 1582 certa
433 1552 559 1583 nostra.
593 1553 625 1582 et
658 1552 771 1582 nostre
812 1547 940 1594 prefate
981 1549 1137 1594 conjugis
1185 1559 1225 1582 ac
1259 1548 1399 1582 filiorum
1433 1552 1621 1583 nostrorum
1662 1550 1868 1582 conscientia
1909 1545 2161 1589 transferentes,

302 1612 536 1644 renunciantes
566 1620 696 1656 quoque
731 1611 762 1643 111
798 1608 862 1643 hoc
897 1620 1059 1655 expresse
1092 1620 1152 1655 pro
1189 1608 1296 1653 nohis,
1332 1611 1490 1654 conjuge,
1526 1608 1599 1643 siliis
1633 1608 1801 1655 predictis,
1837 1619 1878 1643 ac
1911 1605 2162 1644 successoribus

303 1673 422 1704 nostris
452 1670 648 1716 quibuslibet
676 1682 735 1705 scu
764 1669 952 1711 heredibus,
982 1673 1071 1704 omni
1095 1672 1179 1715 juris
1209 1675 1273 1704 tam
1296 1670 1468 1714 Canonici,
1499 1681 1596 1716 quam
1624 1670 1731 1704 civilis
1758 1669 1924 1716 privilegii
1952 1680 2012 1704 seu
2040 1669 2162 1711 statuti,

304 1734 524 1766 restitut-ionis
552 1735 585 1766 in
613 1735 788 1777 integrum,
819 1736 851 1766 et
872 1732 1120 1766 consuetudinis
1145 1732 1280 1771 auxilio,
1310 1732 1397 1777 quod
1424 1731 1520 1766 nobis
1548 1750 1572 1757 -
1599 1750 1622 1757 -
1649 1751 1671 1756 -
1699 1730 1853 1776 Conjugi,
1883 1730 1956 1764 filiis
1984 1728 2162 1764 heredibus

303 1796 335 1827 et
363 1792 613 1827 successoribus
642 1796 777 1835 nostris,
806 1792 1003 1839 quibuslibet
1030 1798 1144 1827 contra
1172 1793 1319 1840 predicta
1348 1796 1457 1827 omnia
1487 1797 1520 1827 et
1546 1792 1678 1838 singula
1700 1794 1867 1837 competit,
1895 1791 1950 1826 vel
1972 1794 2162 1837 competere

305 1858 427 1899 posset.
465 1854 560 1888 modo
595 1854 739 1900 quolibet
773 1857 806 1888 in
841 1854 995 1888 futurum.
1031 1854 1185 1888 Petentes
1221 1857 1320 1888 etiam
1355 1865 1455 1901 super
1488 1853 1551 1888 hac
1586 1852 1788 1888 venerabilis
1822 1855 1855 1886 in
1891 1852 2021 1887 Christo
2055 1851 2160 1886 Patris

305 1914 436 1948 Domini
463 1915 607 1949 Joanm's
638 1916 870 1950 Olomuceusz's
898 1915 1056 1961 Episcopi
1085 1926 1289 1950 consensum
1317 1919 1349 1949 et
1376 1917 1632 1950 connivenciam
1660 1914 1823 1947 humiliter
1850 1918 1883 1948 et
1910 1916 2044 1955 attente,
2073 1922 2162 1957 qua-

305 1980 399 2009 tenus
428 1981 614 2021 presentem
643 1981 789 2011 nostram
811 1977 1041 2020 collacionem,
1064 1988 1122 2011 seu
1146 1976 1366 2011 donacionem
1390 1978 1475 2021 juris
1502 1979 1695 2021 patronatus
1718 1975 1866 2021 predicti,
1888 1977 1968 2020 ipsis
1988 1973 2161 2019 Preposito

304 2040 335 2070 ct
363 2035 517 2070 fratribus
546 2048 604 2082 por
631 2049 692 2072 nos
721 2038 841 2072 factam
871 2043 985 2081 ratam,
1015 2043 1047 2072 et
1075 2042 1206 2084 gratam
1235 2037 1388 2071 habendo
1416 2037 1570 2082 dignetur
1604 2048 1648 2071 ex
1682 2039 1732 2071 sui
1767 2035 1867 2070 oflicii
1895 2034 2004 2069 debito
2032 2032 2162 2068 confir—

304 2109 406 2134 mare.
443 2108 481 2131 ac
517 2102 549 2131 ut
584 2101 687 2143 ipsam
721 2099 906 2133 Ecclesiam
941 2103 971 2133 et
1002 2101 1058 2144 jus
1092 2103 1284 2146 patronatus
1319 2101 1353 2132 in
1387 2110 1426 2132 ea
1463 2098 1562 2144 pleno
1592 2099 1668 2143 jure
1702 2096 1876 2143 possidere
1909 2095 2056 2139 valeant,
2092 2096 2161 2130 suis

303 2158 404 2192 literis
439 2158 623 2204 patentibus
658 2159 828 2193 roborare.
873 2160 992 2194 Testes
1027 2165 1136 2194 autem
1171 2160 1267 2204 hujus
1305 2159 1497 2193 collacionis
1532 2170 1590 2193 sen
1627 2158 1822 2192 donacionis
1857 2160 1971 2191 nostre
2005 2160 2081 2190 sunt
2114 2155 2161 2202 hy

304 2218 432 2253 nobiles
462 2219 615 2253 videlicet
643 2219 773 2254 Domini
804 2221 1007 2255 llrnln'ssius
1030 2221 1070 2255 de
1091 2221 1239 2268 predicto
1261 2220 1475 2264 Swabem'cz-‚
1507 2220 1706 2256 Willoeelmus
1730 2219 1770 2252 de
1792 2217 1968 2261 Rolcitnilt,
1992 2217 2161 2251 Nicotaus

303 2280 343 2314 do
372 2280 488 2314 codem
518 2280 730 2314 Swnbeue'cz.
761 2286 791 2315 et
820 2285 1005 2316 servientes
1034 2285 1137 2317 nostri
1166 2282 1291 2316 scilicet
1324 2282 1459 2316 Ulre'cus
1488 2282 1528 2316 (Ie
1549 2281 1740 2323 Morawan,
1768 2279 1967 2313 Tworzz‘mzi·
1994 2279 2036 2312 (le
2061 2278 2161 2313 Cleo-

303 2343 435 2385 [ἰθὺ-εἰη,
472 2341 601 2375 Harle'lc
635 2342 676 2375 de
712 2341 880 2385 lfomana,
917 2343 1085 2377 filbertus
1119 2344 1160 2378 (le
1194 2343 1424 2387 Semlenraect,
1461 2346 1494 2377 et
1527 2352 1623 2387 quam
1659 2341 1768 2386 plures
1803 2340 1857 2373 aiii
1892 2339 1954 2374 lide
1983 2339 2086 2384 digni.
2121 2338 2159 2373 111

303 2404 396 2446 cnjus
426 2407 537 2437 nostre
565 2403 757 2437 collacionis
785 2414 844 2436 seu
875 2403 1069 2438 donacionis
1103 2407 1323 2438 testimonium
1353 2409 1450 2449 atque
1478 2402 1578 2437 robur
1607 2406 1764 2447 perpetuo
1799 2401 1990 2435 duraturum
2018 2411 2158 2447 presens

303 2466 459 2508 scriptum
487 2464 568 2507 lieri,
598 2468 629 2497 ct
659 2468 722 2497 tam
751 2466 865 2507 nostri,
895 2475 991 2509 qnam
1020 2467 1173 2509 conjugis
1203 2470 1236 2499 et
1263 2485 1285 2490 -
1306 2485 1328 2490 —
1350 2485 1372 2491 —
1394 2465 1531 2498 liliorum
1555 2467 1743 2496 nostrorum
1766 2462 1986 2508 predictorum
2006 2461 2162 2496 videlicet

311 2523 491 2567 it‘selmrii‚
524 2525 697 2559 Gerlcarclc'
723 2528 756 2558 et
784 2525 952 2559 Joleannis
980 2526 1161 2569 sigillorum
1195 2529 1375 2560 munimine
1409 2524 1548 2559 fecimus
1582 2523 1743 2558 roborari.
1787 2522 1906 2557 Datum
1934 2523 2044 2557 Brune
2073 2532 2160 2556 anno

305 2584 434 2618 Domini
465 2586 640 2620 me'llest‘mo
671 2587 910 2619 trecentesimo
939 2588 1093 2630 septolio,
1124 2587 1178 2620 111.
1211 2587 1284 2622 Idus
1313 2586 1487 2627 danum-ii,
1518 2584 1709 2619 indiccione
1737 2586 1860 2629 quinta.

613 2665 655 2698 (in
680 2665 792 2692 hlonum.
819 2665 934 2691 Doiiner.
959 2664 1052 2691 incdit.
1077 2665 1103 2690 Τ.
1130 2665 1147 2691 1.
1172 2673 1196 2699 p.
1224 2664 1294 2692 227.
1321 2673 1353 2691 cx
1378 2664 1548 2698 autographo
1573 2664 1716 2690 membran.
1742 2662 1843 2690 111-(11111
1868 2661 2097 2693 Ζάονειείυηείηπ
