2325 2941
1198 151 1222 186 4

235 286 241 289 -
280 266 442 301 roborari.
472 266 591 301 Datum
619 268 651 299 in
679 264 830 310 Znoima,
859 276 946 300 anno
974 268 1221 300 incarnacionis
1251 265 1415 300 dominice
1441 266 1617 302 Millesimo
1655 271 1887 303 trecentesimo
1923 272 2074 315 septimo,
2110 272 2142 303 in

285 327 337 361 die
365 327 479 362 Prisce
505 329 657 372 virginis.

593 405 646 439 (Ex
671 405 812 441 Originali,
837 407 912 440 cujus
938 409 1052 440 quatuor
1082 413 1202 440 appensa
1232 405 1322 440 sigilla
1352 406 1416 433 laesa
1441 410 1512 441 sunt,
1540 407 1567 434 in
1591 407 1701 434 archivo
1726 408 1782 435 fisci
1813 408 1879 444 regii
1905 410 1994 444 Pragae
2019 409 2139 445 copiavit

693 458 756 486 Ant.
781 458 910 494 Boczek.)

1193 566 1234 601 V.
1858 594 1873 604 .

281 647 448 691 Rudolfus
476 645 505 680 I.
535 648 741 691 oppignorat
768 646 885 680 villam
919 645 1057 680 Tessicz-
1089 646 1251 690 (Testz'e)
1281 646 1435 681 Jokamn·
1461 648 1501 682 de
1532 648 1686 682 Mezefiie
1714 650 1746 682 z'n
1776 660 1905 683 summa
1935 649 2005 683 CC.
2041 661 2142 683 mar-

435 719 549 741 carum
577 719 688 752 91033.
719 707 936 741 denariorum
965 707 1200 752 Prayensium.
1231 707 1359 743 Brunae
1395 708 1449 743 VI.
1479 709 1627 744 Kalend.
1657 709 1845 744 Februarii
1872 709 1984 744 1307.

452 797 541 851 Nos
570 816 762 863 Rudolphus
790 816 853 851 Dei
881 819 995 862 gracia
1024 816 1162 852 Boemie
1197 822 1229 852 et
1255 817 1393 852 Polonie
1420 817 1509 862 Rex,
1536 817 1659 853 Notum
1691 818 1831 854 facimus
1864 822 2034 855 Vniuersis
2061 831 2145 866 pre-

279 883 390 913 sentes
418 878 542 912 litteras
571 881 780 924 inspecturis,
809 878 896 926 quod
924 889 985 913 nos
1013 878 1121 912 fidelia
1150 883 1182 912 et
1210 883 1348 925 accepta
1378 882 1521 914 servicia
1564 879 1667 914 fidelis
1702 883 1805 915 nostri
1841 880 1948 915 dilecti
1980 880 2144 915 Johannis

282 939 322 974 de
350 939 559 984 Mezirziecz,
578 951 640 985 que
668 939 765 974 nobis
794 939 953 983 exhibuit„
983 944 1106 974 attenta
1135 940 1412 975 consideracione
1440 945 1632 987 pensantes,
1662 953 1701 975 ac
1722 941 1875 977 volentes
1904 945 2011 989 ipsum
2038 953 2145 988 prop-

280 1005 370 1037 terea
412 1005 526 1035 nostre
566 1000 769 1036 liberalitatis
810 1002 946 1047 premijs
987 1004 1164 1048 premiare‚
1208 1001 1271 1037 sibi
1319 1001 1478 1037 ducentas
1518 1002 1653 1037 Marcas
1693 1013 1890 1048 grossorum
1932 1003 2143 1037 denariorum

279 1062 509 1108 Pragensiuiii,
539 1062 581 1096 ad
614 1062 744 1109 pondus
778 1062 985 1097 Mol-auicum
1021 1062 1207 1109 Sexaginta
1242 1067 1381 1109 quatuor
1415 1074 1554 1109 grossos
1590 1063 1811 1110 computando
1845 1075 1905 1111 pro
1938 1064 2068 1108 Marea,
2104 1064 2145 1099 de

279 1123 472 1157 liberalitate
501 1123 609 1169 Regia
638 1126 866 1169 promissimus
899 1135 961 1158 nos
996 1124 1142 1168 daturos7
1172 1128 1204 1158 et
1231 1127 1265 1158 in
1292 1127 1374 1171 ipsis
1403 1124 1552 1159 ducentis
1587 1124 1713 1160 Marcis
1755 1124 1826 1159 Sibi
1853 1125 1966 1160 villam
1994 1129 2142 1160 nostram

280 1184 306 1219 Τ
310 1187 417 1219 essicz
447 1187 541 1219 sitam
570 1187 602 1219 in
630 1184 783 1219 llIorauia
811 1187 946 1219 nomine
974 1188 1125 1232 pignoris
1154 1184 1353 1231 obligamus,
1383 1185 1501 1230 taliter,
1530 1186 1616 1232 quod
1645 1189 1717 1233 ipse
1744 1186 1915 1221 Johannes
1943 1191 1976 1221 et
2004 1186 2145 1221 heredes

279 1248 328 1280 sui
358 1246 468 1280 villam
499 1246 639 1280 eandem
668 1257 743 1280 cum
777 1246 898 1280 allodio
933 1251 963 1281 et
1000 1246 1226 1282 Seruitoribus
1261 1250 1384 1282 nostris
1412 1247 1544 1291 ibidem„
1580 1259 1620 1282 ac
1654 1248 1726 1293 alijs
1756 1247 1908 1282 omnibus
1943 1250 2011 1283 suis
2039 1250 2147 1294 perti—

279 1308 408 1351 nencijs
438 1312 552 1341 tenere
575 1307 718 1341 debeant
745 1312 777 1341 et
805 1307 940 1349 habere,
963 1319 1134 1354 quousque
1162 1311 1243 1354 ipsis
1271 1320 1332 1355 per
1355 1320 1417 1343 nos
1446 1309 1499 1343 uel
1528 1309 1668 1343 heredes
1697 1314 1829 1343 nostros
1856 1308 2008 1343 Ducente
2031 1308 2146 1343 Marce

278 1368 425 1414 predicte
454 1368 575 1402 fuerint
602 1369 784 1415 persolute.
814 1368 850 1403 In
879 1372 973 1404 cuius
1002 1372 1050 1404 rei
1079 1372 1314 1414 testimonium,
1343 1375 1516 1416 presentes
1544 1370 1656 1405 literas
1685 1369 1767 1413 ficri,
1803 1374 1835 1404 et
1863 1375 1994 1404 secreto
2031 1374 2146 1404 nostro

280 1429 396 1473 Sigillo
437 1432 591 1464 iussimus
626 1433 832 1464 communiri.
872 1430 993 1464 Datum
1028 1430 1163 1465 Brunne
1191 1430 1293 1465 Anno
1321 1430 1453 1465 Domini
1488 1431 1663 1465 Millesimo
1700 1431 1952 1466 Trecentesimo
1985 1430 2145 1478 Septimo.

279 1489 342 1524 vlf)
371 1490 537 1526 Kalendas
566 1490 749 1535 Februarij.
780 1491 970 1526 Indiccione
999 1491 1130 1534 Quinta.
1161 1492 1357 1538 Regnorum
1385 1497 1573 1527 nostrorum
1602 1504 1689 1527 anno
1718 1493 1838 1527 Primo.

591 1571 644 1602 (Ex
669 1570 810 1605 Originali,
835 1572 910 1605 cujus
935 1571 1051 1606 sigillum
1081 1572 1201 1598 avulsum
1226 1575 1278 1606 est,
1303 1572 1328 1598 in
1359 1572 1469 1600 archivo
1505 1572 1627 1599 Abbatiae
1652 1572 1684 1598 ad
1708 1571 1735 1599 S.
1760 1573 1887 1599 't'liomam
1918 1571 2145 1598 Vetero-Brunae

695 1624 721 1651 F.
750 1623 799 1652 33¹.
824 1633 848 1651 n.
875 1624 957 1657 563.)

1186 1734 1243 1769 vl.

281 1811 468 1849 Johannes,
504 1814 685 1857 episcopas
721 1813 965 1847 Olomneeusis.
1002 1815 1098 1847 circa
1143 1813 1347 1848 solationem
1381 1815 1595 1848 sleez'nmle'mn
1633 1814 1851 1848 denariorum
1886 1813 1932 1847 ad
1960 1812 2146 1847 coenobe'um

659 1874 882 1909 Chimicense.
916 1874 1041 1908 Datum
1072 1876 1105 1909 in
1132 1875 1283 1909 Pnstme‘r
1320 1875 1354 1910 V.
1384 1875 1465 1909 Idus
1494 1875 1630 1921 Aprilis
1658 1875 1770 1909 1307.

454 1962 646 2018 Johannes
683 1983 734 2018 dei
769 1986 884 2029 gracia
921 1984 1153 2019 Olomucensis
1188 1987 1365 2031 episcopus
1399 1987 1566 2019 vniuersis
1603 1989 1776 2031 presentes
1805 1984 1916 2018 literas
1947 1985 2145 2029 inspecturis

280 2043 418 2077 salutem
449 2046 479 2076 in
515 2056 568 2082 eo„
603 2048 655 2090 qui
692 2049 742 2080 est
775 2048 921 2079 omnium
955 2057 1037 2080 vera
1073 2046 1174 2089 salus,
1210 2045 1360 2080 Veniens
1397 2046 1438 2079 ad
1472 2057 1533 2080 nos
1570 2045 1773 2080 venerabilis
1808 2048 1841 2079 in
1879 2044 2008 2079 Christo
2042 2044 2146 2078 frater

280 2104 432 2138 dominus
469 2104 629 2139 Gerlacus
664 2109 850 2152 prepositus
886 2109 1077 2141 monasterii
1114 2106 1333 2142 Cliunicensis
1368 2107 1528 2153 quasdam
1562 2108 1673 2142 literas
1709 2106 1803 2141 nobis
1839 2105 1987 2140 exhibuit
2022 2105 2144 2139 domini

282 2165 445 2199 Brunonis
474 2165 594 2200 Felicis
622 2171 792 2211 memorie„
817 2168 983 2213 quondam
1006 2171 1154 2215 episcopi
1175 2168 1426 2215 predecessoris
1448 2171 1552 2203 nostri
1582 2180 1648 2202 non
1676 2167 1878 2203 cancellatas
1907 2178 1974 2200 non
2004 2166 2145 2202 abolitas

281 2238 341 2260 nec
371 2227 478 2272 aliqua
508 2230 557 2261 sui
587 2232 678 2273 parte
708 2231 860 2269 viciatus,
890 2232 922 2263 in
952 2229 1069 2275 quibus
1098 2232 1249 2276 apparuit
1276 2230 1458 2273 euidenter,
1495 2230 1662 2264 dominum
1686 2228 1859 2263 Nicolaum
1890 2227 1996 2262 felicis
2024 2238 2146 2262 recor-

280 2287 428 2322 dacionis
457 2288 622 2333 quondam
650 2293 851 2335 prepositum
880 2293 982 2336 ipsius
1013 2294 1205 2325 monasterii
1235 2290 1454 2326 Chunicensis
1482 2303 1500 2325 a
1530 2293 1701 2325 canonicis
1730 2294 1762 2323 et
1790 2289 1933 2335 capitulo
1955 2289 2146 2324 3010513111-

280 2351 370 2383 ensis
412 2349 555 2383 ecclesie
597 2349 775 2384 decimales
819 2351 974 2386 denarios
1003 2352 1118 2386 decem
1154 2356 1186 2386 et
1221 2357 1347 2399 septem
1377 2352 1593 2387 ecclesiarum
1623 2351 1829 2385 111-0111100515
1863 2354 1897 2384 et
1924 2350 2145 2397 Snoymensis

281 2409 645 2456 arcliydyaconatunm,
682 2422 741 2445 5110
778 2410 995 2447 Clmnicensis
1031 2414 1186 2457 ecclesie⁷
1231 2424 1290 2460 pro
1325 2425 1393 2448 vna
1428 2424 1540 2447 marca
1578 2415 1707 2457 argenti
1742 2412 1952 2446 morauicalis
1987 2411 2144 2458 ponderis

280 2470 440 2505 soluenda
470 2471 577 2505 eidem
600 2472 741 2518 capitulo
766 2472 1007 2507 Boleslaniensi
1037 2478 1133 2508 annis
1163 2475 1316 2519 singulis,
1340 2486 1414 2509 cum
1443 2473 1549 2507 adbuc
1579 2473 1618 2507 ad
1649 2476 1753 2519 ipsum
1776 2473 1952 2519 capitulum
1980 2475 2146 2519 spectaret

281 2531 501 2576 predictorum
537 2533 743 2567 decimalium
786 2533 996 2568 denariorum
1032 2535 1190 2569 colleccio
1227 2539 1258 2570 in
1295 2535 1524 2581 emphiteosim
1567 2538 1759 2580 perpetuam
1794 2534 2008 2578 conduxisse,
2044 2543 2146 2579 super

280 2596 509 2627 001111011010110
545 2598 577 2628 et
611 2594 839 2628 conduct-ione
880 2595 1094 2629 confirmacio
1137 2601 1169 2630 et
1210 2607 1369 2630 assensus
1407 2595 1480 2629 dicti
1517 2595 1638 2629 domini
1682 2595 1847 2629 Brunonis
1883 2598 1936 2641 pie
1971 2596 2144 2636 memorie,

281 2657 357 2687 tunc
388 2654 620 2690 Olomuccnsis
649 2658 797 2702 episcopi
826 2659 1024 2691 intercessit.
1054 2655 1295 2692 Nicliilominus
1324 2660 1420 2703 prout
1440 2668 1500 2702 per
1528 2659 1630 2703 ipsius
1653 2660 1803 2703 patentes
1832 2657 1943 2691 literas
1972 2655 2144 2690 confectas
