2325 2941
1183 120 1257 155 390

276 259 377 294 agros
419 250 550 289 emisse,
587 249 619 280 et
653 248 733 292 ipsis
769 245 925 288 donasse,
968 244 1023 278 uel
1055 244 1136 278 alias
1177 255 1232 278 res
1269 243 1454 278 immobiles
1489 243 1652 278 notabiles
1686 244 1912 279 tantummodo
1947 248 2140 290 compertus

274 308 384 343 fuerit.
428 307 602 342 tradidisse
637 306 770 353 duplum
808 306 963 341 ecclesie.
999 305 1039 339 ad
1075 308 1168 339 cuius
1203 305 1375 339 vtilitatein
1408 305 1556 351 predicta
1593 304 1752 339 deberent
1786 305 1920 349 cedere,
1962 309 2139 340 restituere

274 374 435 404 teneatur.

454 428 537 463 Item
573 440 617 463 ex
655 429 798 463 concilio
832 428 1042 462 Friczlalano
1081 430 1264 470 statuimus,
1294 431 1328 461 ut
1356 427 1517 472 religiosi,
1547 430 1602 473 qui
1630 438 1691 474 per
1727 426 1960 471 donacionem,
1989 438 2050 462 seu
2077 438 2138 474 per

275 491 372 524 alium
415 490 539 524 titulum
582 489 777 535 legittimum
811 493 880 523 iura
924 493 1119 535 patronatus
1162 489 1347 533 aliquorum
1376 488 1615 522 beneficiorum
1644 488 1947 522 ecclesiasticorum
1976 487 2137 532 obtinent,

274 551 325 585 uel
354 554 558 597 aquisierint.
589 553 621 584 in
650 550 793 585 futurum
823 550 899 584 talia
929 549 1092 584 beneficia
1123 553 1191 584 suis
1219 549 1335 584 usibus
1364 560 1431 584 non
1466 554 1636 596 usurpent,
1672 549 1731 583 sed
1759 551 1840 595 ipsis
1872 548 2070 583 uacantibus
2098 549 2139 584 ad

273 624 311 646 ea
342 612 536 646 sacerdotes
566 612 736 646 seculares
772 616 803 646 et
832 611 985 658 ydoneos
1027 610 1223 657 dyocesano
1260 615 1465 657 presentent.
1509 611 1653 656 alioquin
1689 610 1805 656 elapso
1842 614 1991 656 tempore
2020 621 2038 644 a
2067 612 2138 644 iure

273 678 393 708 statuto
423 673 637 719 dyocesanus
666 677 760 719 prout
790 673 934 707 ecclesie
964 672 1133 718 expediat.
1163 672 1298 718 ydoneo
1327 671 1501 718 prouideat
1531 672 1570 705 de
1599 676 1745 717 pastore.

455 743 508 777 Ex
537 743 678 777 concilio
707 742 1020 788 Ascafenburgeusi
1051 745 1235 785 statuimus,
1266 742 1352 787 quod
1381 753 1497 776 omnes
1526 745 1580 787 qui
1609 742 1750 776 clericos
1780 746 1811 776 in
1841 745 1946 776 sacris
1969 741 2139 776 ordinibus

273 805 428 851 predictis
464 816 500 838 se
535 809 694 850 gerentes
731 807 876 838 maxime
914 804 1061 851 prelatos
1099 809 1130 837 et
1159 807 1342 838 canonicos
1371 804 1514 837 ecclesie
1552 803 1751 838 cathedralis
1785 815 1825 838 ac
1861 803 1942 837 alias
1976 814 2140 849 personas

273 866 521 900 ecclesiasticas
555 868 737 912 captiuare.
768 869 917 911 captiuas
943 865 1102 899 detinere.
1133 865 1301 908 occidere.
1332 864 1483 898 mutilare
1513 876 1552 898 ac
1580 864 1743 907 letalibus,
1778 876 1817 899 ac
1845 867 1942 899 nimis
1971 863 2140 898 atrocibus

273 927 456 961 wlneribus
490 927 660 960 wlnerare
702 929 982 973 presumpserint.
1027 929 1090 960 sint
1119 929 1190 972 ipso
1220 926 1307 960 facto
1354 928 1636 960 excommunicati
1666 930 1698 960 et
1738 937 1806 960 non
1834 926 1939 960 solum
1982 928 2014 960 in
2044 927 2140 959 terris

272 988 356 1023 illius
386 988 701 1034 arcliidyaconatus.
732 991 762 1021 in
793 999 857 1034 quo
886 988 1044 1034 prelatus.
1077 987 1277 1031 Canonicus.
1300 987 1490 1032 religiosus
1520 987 1575 1021 uel
1603 987 1744 1021 clericus
1774 990 1960 1033 captiuatus
1989 991 2050 1029 est,
2080 986 2138 1021 sed

271 1052 376 1083 eciam
406 1052 437 1083 in
468 1050 532 1083 alio
562 1049 858 1095 arcliidyaconatu.
894 1052 927 1083 in
960 1060 1025 1094 quo
1061 1049 1144 1083 tales
1179 1049 1377 1083 detinentur.
1421 1051 1671 1095 cesseturipso
1700 1047 1788 1082 facto
1817 1059 1836 1082 a
1865 1048 1996 1082 diuinis.

456 1119 490 1152 In
520 1119 687 1165 sepultura
717 1119 966 1153 interfectorum
1004 1121 1189 1155 statuimus.
1234 1119 1321 1164 quod
1351 1122 1377 1153 si
1407 1123 1483 1153 ante
1511 1123 1650 1153 mortem
1687 1121 1834 1165 ipsorum
1863 1118 1904 1153 de
1933 1121 2139 1153 contricione

273 1183 462 1226 apparuerit
505 1181 709 1226 sepeliantur
742 1181 827 1227 apud
857 1181 1032 1215 ecclesias.
1063 1184 1090 1215 si
1120 1192 1200 1215 uero
1230 1180 1270 1214 de
1299 1184 1446 1227 ipsorum
1482 1183 1689 1215 contricione
1730 1191 1791 1226 per
1822 1183 1942 1226 singna
1983 1180 2037 1214 uel
2079 1191 2140 1227 per

272 1246 372 1275 testes
400 1242 507 1275 nullos
536 1241 678 1288 plebano
709 1242 793 1288 apud
823 1253 962 1288 quorum
992 1242 1153 1276 ecclesias
1183 1242 1316 1288 sepeliri
1352 1241 1505 1284 debeant,
1536 1242 1655 1275 dictum
1686 1240 1784 1275 fuerit
1812 1241 1865 1275 uel
1892 1241 2080 1288 probatum,
2109 1244 2137 1276 si

271 1307 378 1336 tamen
409 1306 536 1336 statutis
567 1315 583 1336 a
614 1306 684 1337 iure
712 1303 914 1349 temporibus
944 1302 1090 1337 confessi
1120 1303 1252 1337 suerint.
1282 1308 1313 1337 et
1343 1306 1554 1337 eucaristiam
1584 1305 1774 1349 reciperint,
1817 1314 1880 1337 nec
1908 1307 2137 1350 appareretur.

271 1368 429 1410 appareat
465 1364 550 1409 qnod
581 1367 611 1398 in
642 1365 769 1398 mortali
799 1369 937 1410 peccato
967 1364 1088 1399 fuerint
1123 1367 1320 1411 interempti,
1364 1369 1503 1411 possunt
1532 1369 1609 1410 aput
1637 1368 1742 1411 ipsam
1780 1364 1961 1399 ecclesiam
1990 1364 2137 1411 sepeliri.

273 1425 312 1459 de
343 1425 404 1469 liijs
435 1430 554 1459 autem.
595 1428 647 1471 qui
685 1426 817 1471 sepeliri
846 1438 910 1460 non
942 1426 1063 1460 debent
1093 1426 1178 1472 apud
1215 1427 1378 1460 ecclesias
1412 1426 1548 1471 intelligi
1584 1426 1756 1469 volumus,
1800 1425 1887 1471 quod
1922 1429 1954 1460 in
1991 1428 2139 1473 peccatis

271 1486 462 1520 mortalibus
487 1491 517 1520 et
542 1487 627 1520 nulla
650 1490 867 1533 preueniente
896 1490 1010 1532 gracia
1042 1487 1150 1523 subito
1180 1491 1395 1534 perimuntur.

451 1555 607 1590 Nonnulli
637 1557 786 1601 religiosi
816 1562 929 1591 nostre
959 1557 1115 1604 dyocesis
1145 1561 1194 1591 ius
1222 1562 1417 1604 patronatus
1444 1560 1475 1591 in
1498 1557 1746 1604 parochialibus
1763 1558 1919 1603 ecclesijs
1935 1557 2134 1599 obtinentes,

270 1629 342 1651 cum
373 1622 493 1651 vacant
523 1618 678 1652 ecclesie.
710 1618 805 1652 nobis
834 1618 875 1652 ad
904 1622 993 1665 ipsas
1023 1618 1164 1653 debeant
1193 1619 1344 1665 ydoneas
1374 1631 1537 1665 personas
1566 1624 1774 1666 presentare,
1805 1619 1962 1654 detractis
1983 1630 2137 1666 prouen-

271 1678 355 1712 tibus
385 1679 529 1712 ecclesie
559 1684 589 1713 et
619 1679 678 1713 sibi
709 1682 907 1726 apropriatis
936 1680 1073 1714 eisdem.
1109 1692 1272 1726 personas
1302 1684 1409 1714 minus
1438 1681 1589 1727 ydoneas
1618 1685 1812 1727 presentant
1853 1681 1893 1716 ad
1922 1684 2024 1728 ipsas⁷
2062 1691 2135 1715 cum

271 1739 310 1772 de
340 1739 498 1774 fructibus
528 1740 672 1774 ecclesie
701 1741 824 1775 relictis
856 1752 1001 1787 persone
1025 1752 1088 1787 qne
1118 1741 1218 1787 digne
1247 1747 1383 1788 possunt
1400 1754 1513 1776 curam
1544 1746 1727 1776 animarum
1752 1754 1884 1788 regere,
1914 1753 1980 1776 non
2003 1742 2135 1776 ualeant

271 1804 458 1835 sustentari.
491 1807 602 1835 nostra
633 1805 739 1836 eciam
771 1806 839 1836 iura
870 1805 1134 1848 mincioruinque
1162 1803 1251 1837 sedis
1281 1804 1465 1850 apostolice
1494 1808 1524 1837 et
1555 1803 1866 1838 archidiaconorum
1899 1808 1934 1838 ut
1961 1806 2023 1850 ipsi
2052 1813 2135 1849 pre-

271 1865 360 1895 missi
391 1862 560 1897 soluerunt
591 1863 673 1897 solui
705 1875 770 1897 non
800 1868 938 1910 possunt
967 1876 1026 1910 per
1054 1864 1227 1910 plebaiws,
1258 1868 1311 1910 qui
1341 1870 1415 1899 sunt
1445 1868 1475 1899 in
1507 1865 1624 1899 talibus
1653 1866 1808 1910 ecclesijs
1834 1867 1980 1908 instituti,
2000 1868 2136 1910 propter

269 1923 356 1968 quod
387 1926 417 1957 in
447 1927 595 1970 presenti
637 1928 882 1959 constitucione
924 1928 1116 1959 sanctiinns.
1154 1931 1186 1959 ut
1221 1938 1356 1972 quarum
1393 1931 1467 1960 sunt
1503 1926 1650 1960 diminuti
1685 1931 1867 1974 prouentus
1909 1928 1991 1960 intra
2034 1936 2135 1959 unum

272 1996 420 2018 mensem
452 1996 469 2018 a
500 1985 730 2031 publicat-ione
761 1990 963 2033 presentium
995 1987 1035 2021 ad
1064 1992 1183 2021 statum
1213 1990 1386 2034 pristinum
1416 1987 1628 2022 reducantur.

453 2054 488 2088 Si
525 2058 578 2100 qni
614 2068 697 2090 vero
734 2057 880 2101 religiosi
917 2057 978 2091 sibi
1014 2057 1125 2091 dicunt
1168 2062 1371 2104 competere.
1415 2058 1501 2103 quod
1536 2069 1580 2092 cx
1616 2058 1790 2105 priuilegio
1825 2056 1913 2092 sedis
1950 2056 2134 2103 apostolice

270 2126 419 2154 congrua
450 2119 700 2150 sustentat-ione
730 2118 843 2152 relicta
874 2118 1016 2164 plebano
1047 2118 1171 2153 fruetus
1201 2119 1284 2153 alios
1313 2122 1381 2153 suis
1411 2124 1548 2165 possunt
1578 2123 1792 2166 incorporare
1820 2120 2044 2163 monasterijs,
2074 2117 2137 2153 hec

270 2176 365 2211 nobis
407 2177 582 2223 priuilegia
619 2178 799 2213 exhibeant
841 2180 925 2213 infra
957 2192 1117 2216 mensem.
1161 2183 1208 2214 sic
1238 2180 1323 2226 quod
1354 2192 1426 2214 cuin
1457 2181 1689 2215 declaracione
1718 2182 1829 2226 peritis
1859 2179 1982 2224 habita,
2011 2180 2135 2214 nullum

272 2238 488 2282 preiudicium
518 2241 729 2283 monasteriis
760 2241 810 2274 nel
840 2240 1008 2287 parocbijs
1037 2247 1229 2287 generetur.

453 2309 533 2342 Cum
564 2320 608 2342 ex
637 2320 690 2342 eo.
722 2310 807 2355 qnod
837 2311 923 2356 layci
954 2311 1092 2355 nobiles.
1123 2312 1273 2355 clientes,
1303 2311 1440 2356 iudices,
1471 2312 1622 2346 aduocati
1651 2322 1689 2345 ac
1719 2311 1772 2356 alij
1811 2311 1993 2358 temporale
2021 2310 2135 2346 domi-

273 2371 360 2402 nium
390 2369 578 2404 obtinentes
620 2370 768 2404 decimas
804 2371 954 2406 villarum
989 2375 1060 2407 siue
1096 2376 1346 2419 possessionum
1376 2385 1436 2408 suo
1470 2373 1614 2407 dominio
1648 2375 1720 2406 siue
1755 2372 1878 2411 iudicio,
1910 2372 2135 2407 subiectarum

272 2434 424 2475 pretextu
454 2431 603 2476 predicte
633 2434 805 2477 potestatis
834 2443 893 2466 sue
922 2433 983 2467 sibi
1013 2439 1044 2468 et
1073 2446 1138 2468 non
1169 2434 1241 2479 alijs
1270 2435 1368 2469 uendi
1397 2446 1456 2469 seu
1484 2434 1585 2468 locari
1609 2439 1799 2479 procurant,
1824 2445 1889 2468 non
1905 2437 2136 2481 promittentes

271 2491 405 2524 easdem
456 2497 551 2526 extra
595 2493 689 2527 uillas
732 2493 782 2527 nel
828 2498 1062 2539 possessiones
1104 2499 1152 2530 sui
1196 2496 1329 2541 dominij
1373 2507 1433 2530 seu
1476 2494 1584 2539 iudicij
1627 2500 1681 2529 aut
1722 2498 1893 2542 potestatis
1942 2495 2060 2530 deduci
2102 2498 2134 2530 in

272 2552 487 2596 preindicitnn
530 2554 759 2589 ecclesiastice
803 2554 962 2589 libertatis
1005 2562 1119 2591 contra
1168 2562 1316 2592 rectores
1352 2556 1589 2599 ecclesiarum,
1632 2557 1925 2592 ecclesiasticasue
1958 2567 2133 2603 personas,

272 2612 310 2645 ad
341 2624 423 2657 quas
452 2614 568 2648 cedem
598 2620 750 2661 spectant
779 2616 919 2660 decime,
951 2621 981 2651 et
1011 2622 1177 2663 emptores
1207 2630 1265 2653 scu
1295 2618 1515 2653 conductores
1553 2617 1680 2663 aliquos
1709 2621 1736 2653 si
1766 2629 1865 2653 secus
1902 2618 1967 2662 fiet,
2010 2628 2134 2663 graues
