<?xml version="1.0" encoding="UTF-8"?>
<!DOCTYPE html PUBLIC "-//W3C//DTD XHTML 1.0 Transitional//EN"
    "http://www.w3.org/TR/xhtml1/DTD/xhtml1-transitional.dtd">
<html xmlns="http://www.w3.org/1999/xhtml" xml:lang="en" lang="en">
 <head>
  <title>
</title>
<meta http-equiv="Content-Type" content="text/html;charset=utf-8" />
  <meta name='ocr-system' content='tesseract 3.04.00' />
  <meta name='ocr-capabilities' content='ocr_page ocr_carea ocr_par ocr_line ocrx_word'/>
</head>
<body>
  <div class='ocr_page' id='page_1' title='image "./codexdiplomaticu06morauoft_0139.png"; bbox 0 0 2357 3021; ppageno 0'>
   <div class='ocr_carea' id='block_1_1' title="bbox 1094 203 1272 205">
    <p class='ocr_par' dir='ltr' id='par_1_1' title="bbox 1094 203 1272 205">
     <span class='ocr_line' id='line_1_1' title="bbox 1094 203 1272 205; baseline 0 0"><span class='ocrx_word' id='word_1_1' title='bbox 1094 203 1272 205; x_wconf 95' lang='lat' dir='ltr'> </span> 
     </span>
    </p>
   </div>
   <div class='ocr_carea' id='block_1_2' title="bbox 225 332 2012 440">
    <p class='ocr_par' dir='ltr' id='par_1_2' title="bbox 225 332 2012 440">
     <span class='ocr_line' id='line_1_2' title="bbox 225 332 2012 380; baseline 0.002 -10"><span class='ocrx_word' id='word_1_2' title='bbox 225 335 366 379; x_wconf 74' lang='lat' dir='ltr'>Petrus‚</span> <span class='ocrx_word' id='word_1_3' title='bbox 396 335 579 380; x_wconf 77' lang='lat' dir='ltr'>episcopus</span> <span class='ocrx_word' id='word_1_4' title='bbox 611 333 859 368; x_wconf 75' lang='lat' dir='ltr'>Olomucensis.</span> <span class='ocrx_word' id='word_1_5' title='bbox 890 334 1049 378; x_wconf 64' lang='lat' dir='ltr'>assignat</span> <span class='ocrx_word' id='word_1_6' title='bbox 1077 332 1236 366; x_wconf 74' lang='lat' dir='ltr'>ecclesioe</span> <span class='ocrx_word' id='word_1_7' title='bbox 1265 334 1298 366; x_wconf 78' lang='lat' dir='ltr'>in</span> <span class='ocrx_word' id='word_1_8' title='bbox 1322 333 1473 368; x_wconf 56' lang='lat' dir='ltr'>Zoro-§ie</span> <span class='ocrx_word' id='word_1_9' title='bbox 1493 337 1554 379; x_wconf 76' lang='lat' dir='ltr'>jas</span> <span class='ocrx_word' id='word_1_10' title='bbox 1580 336 1791 380; x_wconf 75' lang='lat' dir='ltr'>parroehe&#39;oe.</span> <span class='ocrx_word' id='word_1_11' title='bbox 1818 338 1949 372; x_wconf 73' lang='lat' dir='ltr'>Datum</span> <span class='ocrx_word' id='word_1_12' title='bbox 1978 340 2012 373; x_wconf 69' lang='lat'>2‘12</span> 
     </span>
     <span class='ocr_line' id='line_1_3' title="bbox 809 394 1424 440; baseline 0 -11"><span class='ocrx_word' id='word_1_13' title='bbox 809 395 950 430; x_wconf 80' lang='lat' dir='ltr'>Olomuc</span> <span class='ocrx_word' id='word_1_14' title='bbox 986 395 1013 430; x_wconf 64' lang='grc' dir='ltr'>Γ</span> <span class='ocrx_word' id='word_1_15' title='bbox 1039 395 1163 429; x_wconf 70' lang='lat' dir='ltr'>Nonas</span> <span class='ocrx_word' id='word_1_16' title='bbox 1191 394 1283 440; x_wconf 72' lang='lat' dir='ltr'>Muje&#39;</span> <span class='ocrx_word' id='word_1_17' title='bbox 1311 394 1424 429; x_wconf 82' lang='lat'><em>1315.</em></span> 
     </span>
    </p>
   </div>
   <div class='ocr_carea' id='block_1_3' title="bbox 172 473 2074 2085">
    <p class='ocr_par' dir='ltr' id='par_1_3' title="bbox 172 473 2074 2085">
     <span class='ocr_line' id='line_1_4' title="bbox 350 473 2064 539; baseline 0.004 -11"><span class='ocrx_word' id='word_1_18' title='bbox 350 473 494 528; x_wconf 81' lang='lat' dir='ltr'>Petrus</span> <span class='ocrx_word' id='word_1_19' title='bbox 524 493 576 528; x_wconf 89' lang='lat' dir='ltr'>dei</span> <span class='ocrx_word' id='word_1_20' title='bbox 604 495 721 539; x_wconf 81' lang='lat' dir='ltr'>gracia</span> <span class='ocrx_word' id='word_1_21' title='bbox 764 492 954 539; x_wconf 87' lang='lat' dir='ltr'>Episcopus</span> <span class='ocrx_word' id='word_1_22' title='bbox 998 491 1245 526; x_wconf 84' lang='lat' dir='ltr'>Olomucensis.</span> <span class='ocrx_word' id='word_1_23' title='bbox 1289 495 1459 527; x_wconf 86' lang='lat' dir='ltr'>vniuersis</span> <span class='ocrx_word' id='word_1_24' title='bbox 1504 493 1599 528; x_wconf 84' lang='lat' dir='ltr'>Cristi</span> <span class='ocrx_word' id='word_1_25' title='bbox 1643 495 1795 531; x_wconf 84' lang='lat' dir='ltr'>fidelibus</span> <span class='ocrx_word' id='word_1_26' title='bbox 1839 498 1989 533; x_wconf 86' lang='lat' dir='ltr'>Salutem</span> <span class='ocrx_word' id='word_1_27' title='bbox 2032 502 2064 533; x_wconf 93' lang='lat' dir='ltr'>in</span> 
     </span>
     <span class='ocr_line' id='line_1_5' title="bbox 172 554 2065 602; baseline 0.002 -11"><span class='ocrx_word' id='word_1_28' title='bbox 172 556 321 591; x_wconf 85' lang='lat' dir='ltr'>domino.</span> <span class='ocrx_word' id='word_1_29' title='bbox 351 555 440 590; x_wconf 86' lang='lat' dir='ltr'>Dum</span> <span class='ocrx_word' id='word_1_30' title='bbox 462 555 585 590; x_wconf 84' lang='lat' dir='ltr'>devote</span> <span class='ocrx_word' id='word_1_31' title='bbox 608 554 897 589; x_wconf 79' lang='lat' dir='ltr'>consideracionis</span> <span class='ocrx_word' id='word_1_32' title='bbox 920 554 1080 599; x_wconf 74' lang='lat' dir='ltr'>indagine</span> <span class='ocrx_word' id='word_1_33' title='bbox 1103 559 1353 600; x_wconf 85' lang='lat' dir='ltr'>perscrutaimir</span> <span class='ocrx_word' id='word_1_34' title='bbox 1381 559 1413 589; x_wconf 90' lang='lat' dir='ltr'>et</span> <span class='ocrx_word' id='word_1_35' title='bbox 1435 559 1520 590; x_wconf 86' lang='lat' dir='ltr'>intra</span> <span class='ocrx_word' id='word_1_36' title='bbox 1541 560 1687 602; x_wconf 82' lang='lat' dir='ltr'>pectoris</span> <span class='ocrx_word' id='word_1_37' title='bbox 1711 570 1834 593; x_wconf 88' lang='lat' dir='ltr'>arcana</span> <span class='ocrx_word' id='word_1_38' title='bbox 1858 561 2065 595; x_wconf 88' lang='lat' dir='ltr'>revoluimus</span> 
     </span>
     <span class='ocr_line' id='line_1_6' title="bbox 173 615 2065 664; baseline 0.003 -11"><span class='ocrx_word' id='word_1_39' title='bbox 173 618 207 653; x_wconf 88' lang='lat' dir='ltr'>id</span> <span class='ocrx_word' id='word_1_40' title='bbox 236 618 324 664; x_wconf 89' lang='lat' dir='ltr'>quod</span> <span class='ocrx_word' id='word_1_41' title='bbox 354 617 484 652; x_wconf 85' lang='lat' dir='ltr'>honore</span> <span class='ocrx_word' id='word_1_42' title='bbox 513 617 566 651; x_wconf 91' lang='lat' dir='ltr'>dei</span> <span class='ocrx_word' id='word_1_43' title='bbox 602 616 780 651; x_wconf 81' lang='lat' dir='ltr'>excitanda</span> <span class='ocrx_word' id='word_1_44' title='bbox 817 615 962 650; x_wconf 78' lang='lat' dir='ltr'>fidelium</span> <span class='ocrx_word' id='word_1_45' title='bbox 998 616 1188 650; x_wconf 84' lang='lat' dir='ltr'>devocione</span> <span class='ocrx_word' id='word_1_46' title='bbox 1224 620 1255 650; x_wconf 87' lang='lat' dir='ltr'>ct</span> <span class='ocrx_word' id='word_1_47' title='bbox 1291 620 1522 662; x_wconf 83' lang='lat' dir='ltr'>proximorum</span> <span class='ocrx_word' id='word_1_48' title='bbox 1560 617 1703 653; x_wconf 83' lang='lat' dir='ltr'>fidelium</span> <span class='ocrx_word' id='word_1_49' title='bbox 1740 622 1920 656; x_wconf 88' lang='lat' dir='ltr'>intenditur</span> <span class='ocrx_word' id='word_1_50' title='bbox 1948 623 2065 657; x_wconf 89' lang='lat' dir='ltr'>saltem</span> 
     </span>
     <span class='ocr_line' id='line_1_7' title="bbox 174 677 2067 726; baseline 0.003 -11"><span class='ocrx_word' id='word_1_51' title='bbox 174 692 193 715; x_wconf 91' lang='lat' dir='ltr'>a</span> <span class='ocrx_word' id='word_1_52' title='bbox 221 679 385 726; x_wconf 84' lang='lat' dir='ltr'>largitore</span> <span class='ocrx_word' id='word_1_53' title='bbox 414 681 561 714; x_wconf 87' lang='lat' dir='ltr'>omnium</span> <span class='ocrx_word' id='word_1_54' title='bbox 590 677 766 721; x_wconf 69' lang='lat' dir='ltr'>bonorunn</span> <span class='ocrx_word' id='word_1_55' title='bbox 811 681 905 712; x_wconf 81' lang='lat' dir='ltr'>cuins</span> <span class='ocrx_word' id='word_1_56' title='bbox 935 681 1139 724; x_wconf 89' lang='lat' dir='ltr'>sempiterna</span> <span class='ocrx_word' id='word_1_57' title='bbox 1183 681 1214 712; x_wconf 92' lang='lat' dir='ltr'>in</span> <span class='ocrx_word' id='word_1_58' title='bbox 1245 677 1295 712; x_wconf 81' lang='lat' dir='ltr'>his</span> <span class='ocrx_word' id='word_1_59' title='bbox 1325 682 1475 724; x_wconf 86' lang='lat' dir='ltr'>queritur</span> <span class='ocrx_word' id='word_1_60' title='bbox 1516 680 1588 714; x_wconf 84' lang='lat' dir='ltr'>lans</span> <span class='ocrx_word' id='word_1_61' title='bbox 1617 686 1733 715; x_wconf 85' lang='lat' dir='ltr'>eterne</span> <span class='ocrx_word' id='word_1_62' title='bbox 1775 688 2067 720; x_wconf 68' lang='lat' dir='ltr'>renumerat-ionis</span> 
     </span>
     <span class='ocr_line' id='line_1_8' title="bbox 173 740 2067 791; baseline 0.003 -15"><span class='ocrx_word' id='word_1_63' title='bbox 173 744 298 788; x_wconf 84' lang='lat' dir='ltr'>suscipi</span> <span class='ocrx_word' id='word_1_64' title='bbox 339 743 532 788; x_wconf 65' lang='lat' dir='ltr'>promissio,</span> <span class='ocrx_word' id='word_1_65' title='bbox 563 740 701 785; x_wconf 80' lang='lat' dir='ltr'>dignum</span> <span class='ocrx_word' id='word_1_66' title='bbox 743 751 819 774; x_wconf 89' lang='lat' dir='ltr'>esse</span> <span class='ocrx_word' id='word_1_67' title='bbox 862 743 1089 786; x_wconf 73' lang='lat' dir='ltr'>conspicimus</span> <span class='ocrx_word' id='word_1_68' title='bbox 1131 745 1163 774; x_wconf 92' lang='lat' dir='ltr'>et</span> <span class='ocrx_word' id='word_1_69' title='bbox 1205 740 1461 775; x_wconf 85' lang='lat' dir='ltr'>saluberriimim</span> <span class='ocrx_word' id='word_1_70' title='bbox 1504 742 1703 777; x_wconf 76' lang='lat' dir='ltr'>arbitramur</span> <span class='ocrx_word' id='word_1_71' title='bbox 1745 749 1777 778; x_wconf 92' lang='lat' dir='ltr'>ut</span> <span class='ocrx_word' id='word_1_72' title='bbox 1806 757 1867 791; x_wconf 89' lang='lat' dir='ltr'>per</span> <span class='ocrx_word' id='word_1_73' title='bbox 1895 746 2067 782; x_wconf 86' lang='lat' dir='ltr'>Ecclesias</span> 
     </span>
     <span class='ocr_line' id='line_1_9' title="bbox 175 801 2067 854; baseline 0.003 -16"><span class='ocrx_word' id='word_1_74' title='bbox 175 804 326 838; x_wconf 88' lang='lat' dir='ltr'>divinum</span> <span class='ocrx_word' id='word_1_75' title='bbox 362 803 484 837; x_wconf 86' lang='lat' dir='ltr'>cultum</span> <span class='ocrx_word' id='word_1_76' title='bbox 526 801 701 836; x_wconf 75' lang='lat' dir='ltr'>intendere</span> <span class='ocrx_word' id='word_1_77' title='bbox 741 801 933 836; x_wconf 83' lang='lat' dir='ltr'>volentibus</span> <span class='ocrx_word' id='word_1_78' title='bbox 972 802 1163 837; x_wconf 89' lang='lat' dir='ltr'>voluntates</span> <span class='ocrx_word' id='word_1_79' title='bbox 1207 801 1394 837; x_wconf 79' lang='lat' dir='ltr'>favoribus.</span> <span class='ocrx_word' id='word_1_80' title='bbox 1432 803 1550 849; x_wconf 75' lang='lat' dir='ltr'>quibus</span> <span class='ocrx_word' id='word_1_81' title='bbox 1592 816 1773 852; x_wconf 85' lang='lat' dir='ltr'>possumus</span> <span class='ocrx_word' id='word_1_82' title='bbox 1808 818 2067 854; x_wconf 87' lang='lat' dir='ltr'>proseqvamur.</span> 
     </span>
     <span class='ocr_line' id='line_1_10' title="bbox 175 863 2067 913; baseline 0.003 -13"><span class='ocrx_word' id='word_1_83' title='bbox 175 865 258 900; x_wconf 91' lang='lat' dir='ltr'>Cum</span> <span class='ocrx_word' id='word_1_84' title='bbox 287 868 398 911; x_wconf 88' lang='lat' dir='ltr'>itaque</span> <span class='ocrx_word' id='word_1_85' title='bbox 430 865 566 899; x_wconf 89' lang='lat' dir='ltr'>volente</span> <span class='ocrx_word' id='word_1_86' title='bbox 596 866 815 898; x_wconf 80' lang='lat' dir='ltr'>serenissimo</span> <span class='ocrx_word' id='word_1_87' title='bbox 846 863 980 898; x_wconf 89' lang='lat' dir='ltr'>domino</span> <span class='ocrx_word' id='word_1_88' title='bbox 1023 864 1156 898; x_wconf 91' lang='lat' dir='ltr'>Joanne</span> <span class='ocrx_word' id='word_1_89' title='bbox 1193 864 1332 899; x_wconf 87' lang='lat' dir='ltr'>Boemie</span> <span class='ocrx_word' id='word_1_90' title='bbox 1368 870 1400 899; x_wconf 91' lang='lat' dir='ltr'>et</span> <span class='ocrx_word' id='word_1_91' title='bbox 1436 865 1574 900; x_wconf 89' lang='lat' dir='ltr'>Polonie</span> <span class='ocrx_word' id='word_1_92' title='bbox 1610 879 1694 913; x_wconf 74' lang='lat' dir='ltr'>rege</span> <span class='ocrx_word' id='word_1_93' title='bbox 1730 868 1935 904; x_wconf 87' lang='lat' dir='ltr'>honorabilis</span> <span class='ocrx_word' id='word_1_94' title='bbox 1970 870 2067 905; x_wconf 87' lang='lat' dir='ltr'>nobis</span> 
     </span>
     <span class='ocr_line' id='line_1_11' title="bbox 175 925 2066 978; baseline 0.003 -16"><span class='ocrx_word' id='word_1_95' title='bbox 175 927 315 962; x_wconf 86' lang='lat' dir='ltr'>dilectus</span> <span class='ocrx_word' id='word_1_96' title='bbox 344 926 512 961; x_wconf 86' lang='lat' dir='ltr'>Henricus</span> <span class='ocrx_word' id='word_1_97' title='bbox 541 925 646 960; x_wconf 88' lang='lat' dir='ltr'>abbas</span> <span class='ocrx_word' id='word_1_98' title='bbox 683 925 951 970; x_wconf 70' lang='lat' dir='ltr'>Yetegradensis</span> <span class='ocrx_word' id='word_1_99' title='bbox 988 930 1019 960; x_wconf 91' lang='lat' dir='ltr'>et</span> <span class='ocrx_word' id='word_1_100' title='bbox 1054 931 1142 961; x_wconf 86' lang='lat' dir='ltr'>totus</span> <span class='ocrx_word' id='word_1_101' title='bbox 1178 931 1368 961; x_wconf 88' lang='lat' dir='ltr'>conventus</span> <span class='ocrx_word' id='word_1_102' title='bbox 1402 927 1499 962; x_wconf 86' lang='lat' dir='ltr'>nobis</span> <span class='ocrx_word' id='word_1_103' title='bbox 1535 941 1611 963; x_wconf 85' lang='lat' dir='ltr'>cum</span> <span class='ocrx_word' id='word_1_104' title='bbox 1646 933 1811 965; x_wconf 79' lang='lat' dir='ltr'>instancia</span> <span class='ocrx_word' id='word_1_105' title='bbox 1850 932 2066 978; x_wconf 89' lang='lat' dir='ltr'>suplicarunt.</span> 
     </span>
     <span class='ocr_line' id='line_1_12' title="bbox 174 975 2066 1040; baseline 0.003 -17"><span class='ocrx_word' id='word_1_106' title='bbox 174 994 340 1035; x_wconf 79' lang='lat' dir='ltr'>quatenus</span> <span class='ocrx_word' id='word_1_107' title='bbox 383 1000 460 1023; x_wconf 89' lang='lat' dir='ltr'>cum</span> <span class='ocrx_word' id='word_1_108' title='bbox 493 975 553 1023; x_wconf 53' lang='lat' dir='ltr'>vsui</span> <span class='ocrx_word' id='word_1_109' title='bbox 584 992 820 1022; x_wconf 71' lang='lat' dir='ltr'>antecessores</span> <span class='ocrx_word' id='word_1_110' title='bbox 865 987 904 1021; x_wconf 87' lang='lat' dir='ltr'>dc</span> <span class='ocrx_word' id='word_1_111' title='bbox 933 987 1092 1035; x_wconf 79' lang='lat' dir='ltr'>Episcopi</span> <span class='ocrx_word' id='word_1_112' title='bbox 1136 989 1277 1023; x_wconf 81' lang='lat' dir='ltr'>licencia</span> <span class='ocrx_word' id='word_1_113' title='bbox 1320 989 1512 1024; x_wconf 83' lang='lat' dir='ltr'>Ecclesiam</span> <span class='ocrx_word' id='word_1_114' title='bbox 1554 994 1586 1025; x_wconf 93' lang='lat' dir='ltr'>in</span> <span class='ocrx_word' id='word_1_115' title='bbox 1620 992 1698 1026; x_wconf 88' lang='lat' dir='ltr'>villa</span> <span class='ocrx_word' id='word_1_116' title='bbox 1742 993 1902 1028; x_wconf 85' lang='lat' dir='ltr'>Sarusicz</span> <span class='ocrx_word' id='word_1_117' title='bbox 1932 1005 1996 1040; x_wconf 87' lang='lat' dir='ltr'>que</span> <span class='ocrx_word' id='word_1_118' title='bbox 2025 995 2066 1029; x_wconf 88' lang='lat' dir='ltr'>de</span> 
     </span>
     <span class='ocr_line' id='line_1_13' title="bbox 174 1049 2069 1098; baseline 0.003 -13"><span class='ocrx_word' id='word_1_119' title='bbox 174 1050 272 1098; x_wconf 83' lang='lat' dir='ltr'>plebe</span> <span class='ocrx_word' id='word_1_120' title='bbox 301 1050 457 1085; x_wconf 88' lang='lat' dir='ltr'>Ecclesie</span> <span class='ocrx_word' id='word_1_121' title='bbox 485 1049 618 1084; x_wconf 77' lang='lat' dir='ltr'>Vrisicz</span> <span class='ocrx_word' id='word_1_122' title='bbox 647 1049 810 1084; x_wconf 85' lang='lat' dir='ltr'>hactenus</span> <span class='ocrx_word' id='word_1_123' title='bbox 839 1049 945 1083; x_wconf 84' lang='lat' dir='ltr'>fuisse</span> <span class='ocrx_word' id='word_1_124' title='bbox 983 1050 1191 1096; x_wconf 80' lang='lat' dir='ltr'>dignoscitur</span> <span class='ocrx_word' id='word_1_125' title='bbox 1226 1055 1257 1085; x_wconf 85' lang='lat' dir='ltr'>et</span> <span class='ocrx_word' id='word_1_126' title='bbox 1287 1063 1305 1085; x_wconf 88' lang='lat' dir='ltr'>a</span> <span class='ocrx_word' id='word_1_127' title='bbox 1334 1051 1533 1087; x_wconf 80' lang='lat' dir='ltr'>Marchione</span> <span class='ocrx_word' id='word_1_128' title='bbox 1573 1053 1732 1089; x_wconf 85' lang='lat' dir='ltr'>Ottocaro</span> <span class='ocrx_word' id='word_1_129' title='bbox 1768 1054 1945 1091; x_wconf 88' lang='lat' dir='ltr'>Primislao</span> <span class='ocrx_word' id='word_1_130' title='bbox 1982 1057 2069 1091; x_wconf 90' lang='lat' dir='ltr'>dicto</span> 
     </span>
     <span class='ocr_line' id='line_1_14' title="bbox 175 1110 2069 1165; baseline 0.004 -18"><span class='ocrx_word' id='word_1_131' title='bbox 175 1124 265 1147; x_wconf 88' lang='lat' dir='ltr'>anno</span> <span class='ocrx_word' id='word_1_132' title='bbox 308 1112 431 1147; x_wconf 90' lang='lat' dir='ltr'>domini</span> <span class='ocrx_word' id='word_1_133' title='bbox 474 1111 652 1146; x_wconf 84' lang='lat' dir='ltr'>Millesimo</span> <span class='ocrx_word' id='word_1_134' title='bbox 683 1110 915 1146; x_wconf 68' lang='lat' dir='ltr'>CCOXXVHI.</span> <span class='ocrx_word' id='word_1_135' title='bbox 959 1115 992 1146; x_wconf 91' lang='lat' dir='ltr'>in</span> <span class='ocrx_word' id='word_1_136' title='bbox 1020 1117 1217 1159; x_wconf 90' lang='lat' dir='ltr'>perpetuum</span> <span class='ocrx_word' id='word_1_137' title='bbox 1261 1112 1383 1148; x_wconf 88' lang='lat' dir='ltr'>donata</span> <span class='ocrx_word' id='word_1_138' title='bbox 1426 1119 1458 1148; x_wconf 92' lang='lat' dir='ltr'>et</span> <span class='ocrx_word' id='word_1_139' title='bbox 1486 1126 1575 1149; x_wconf 88' lang='lat' dir='ltr'>nunc</span> <span class='ocrx_word' id='word_1_140' title='bbox 1619 1119 1817 1152; x_wconf 87' lang='lat' dir='ltr'>auctoritate</span> <span class='ocrx_word' id='word_1_141' title='bbox 1860 1130 1920 1153; x_wconf 84' lang='lat' dir='ltr'>sua</span> <span class='ocrx_word' id='word_1_142' title='bbox 1964 1119 2069 1165; x_wconf 85' lang='lat' dir='ltr'>probe</span> 
     </span>
     <span class='ocr_line' id='line_1_15' title="bbox 175 1174 2069 1227; baseline 0.004 -18"><span class='ocrx_word' id='word_1_143' title='bbox 175 1174 306 1210; x_wconf 88' lang='lat' dir='ltr'>sublata</span> <span class='ocrx_word' id='word_1_144' title='bbox 336 1177 405 1209; x_wconf 83' lang='lat' dir='ltr'>suis</span> <span class='ocrx_word' id='word_1_145' title='bbox 434 1174 476 1209; x_wconf 89' lang='lat' dir='ltr'>de</span> <span class='ocrx_word' id='word_1_146' title='bbox 504 1185 596 1208; x_wconf 83' lang='lat' dir='ltr'>novo</span> <span class='ocrx_word' id='word_1_147' title='bbox 626 1177 877 1208; x_wconf 79' lang='lat' dir='ltr'>construxerint</span> <span class='ocrx_word' id='word_1_148' title='bbox 906 1174 1105 1221; x_wconf 82' lang='lat' dir='ltr'>sumptibus.</span> <span class='ocrx_word' id='word_1_149' title='bbox 1137 1179 1169 1209; x_wconf 89' lang='lat' dir='ltr'>et</span> <span class='ocrx_word' id='word_1_150' title='bbox 1198 1174 1386 1210; x_wconf 85' lang='lat' dir='ltr'>Ecclesiam</span> <span class='ocrx_word' id='word_1_151' title='bbox 1417 1179 1450 1211; x_wconf 94' lang='lat' dir='ltr'>in</span> <span class='ocrx_word' id='word_1_152' title='bbox 1479 1177 1633 1212; x_wconf 87' lang='lat' dir='ltr'>omnibus</span> <span class='ocrx_word' id='word_1_153' title='bbox 1670 1179 1881 1225; x_wconf 87' lang='lat' dir='ltr'>ampliarunt.</span> <span class='ocrx_word' id='word_1_154' title='bbox 1919 1181 2069 1227; x_wconf 85' lang='lat' dir='ltr'>predicte</span> 
     </span>
     <span class='ocr_line' id='line_1_16' title="bbox 176 1235 2069 1285; baseline 0.004 -14"><span class='ocrx_word' id='word_1_155' title='bbox 176 1236 333 1271; x_wconf 87' lang='lat' dir='ltr'>Ecclesie</span> <span class='ocrx_word' id='word_1_156' title='bbox 361 1236 441 1270; x_wconf 89' lang='lat' dir='ltr'>Jura</span> <span class='ocrx_word' id='word_1_157' title='bbox 472 1235 696 1283; x_wconf 86' lang='lat' dir='ltr'>parrochialia</span> <span class='ocrx_word' id='word_1_158' title='bbox 725 1236 916 1270; x_wconf 86' lang='lat' dir='ltr'>concedere</span> <span class='ocrx_word' id='word_1_159' title='bbox 945 1241 977 1271; x_wconf 89' lang='lat' dir='ltr'>et</span> <span class='ocrx_word' id='word_1_160' title='bbox 1005 1248 1066 1283; x_wconf 89' lang='lat' dir='ltr'>per</span> <span class='ocrx_word' id='word_1_161' title='bbox 1095 1248 1132 1271; x_wconf 90' lang='lat' dir='ltr'>se</span> <span class='ocrx_word' id='word_1_162' title='bbox 1162 1242 1217 1271; x_wconf 89' lang='lat' dir='ltr'>aut</span> <span class='ocrx_word' id='word_1_163' title='bbox 1246 1249 1306 1284; x_wconf 91' lang='lat' dir='ltr'>per</span> <span class='ocrx_word' id='word_1_164' title='bbox 1342 1249 1423 1273; x_wconf 87' lang='lat' dir='ltr'>suos</span> <span class='ocrx_word' id='word_1_165' title='bbox 1459 1239 1640 1285; x_wconf 70' lang='lat' dir='ltr'>religiosos</span> <span class='ocrx_word' id='word_1_166' title='bbox 1676 1246 1731 1275; x_wconf 91' lang='lat' dir='ltr'>aut</span> <span class='ocrx_word' id='word_1_167' title='bbox 1767 1242 1850 1276; x_wconf 86' lang='lat' dir='ltr'>alios</span> <span class='ocrx_word' id='word_1_168' title='bbox 1885 1242 2069 1279; x_wconf 83' lang='lat' dir='ltr'>catholicos</span> 
     </span>
     <span class='ocr_line' id='line_1_17' title="bbox 174 1289 2070 1350; baseline 0.004 -17"><span class='ocrx_word' id='word_1_169' title='bbox 174 1289 338 1345; x_wconf 80' lang='lat' dir='ltr'>plebanos</span> <span class='ocrx_word' id='word_1_170' title='bbox 367 1298 447 1333; x_wconf 89' lang='lat' dir='ltr'>inibi</span> <span class='ocrx_word' id='word_1_171' title='bbox 476 1309 537 1345; x_wconf 91' lang='lat' dir='ltr'>pro</span> <span class='ocrx_word' id='word_1_172' title='bbox 567 1298 674 1333; x_wconf 87' lang='lat' dir='ltr'>salute</span> <span class='ocrx_word' id='word_1_173' title='bbox 704 1298 911 1333; x_wconf 89' lang='lat' dir='ltr'>subditorum</span> <span class='ocrx_word' id='word_1_174' title='bbox 947 1304 1160 1333; x_wconf 86' lang='lat' dir='ltr'>sacramenta</span> <span class='ocrx_word' id='word_1_175' title='bbox 1197 1299 1436 1335; x_wconf 86' lang='lat' dir='ltr'>Ecclesiastica</span> <span class='ocrx_word' id='word_1_176' title='bbox 1474 1301 1708 1337; x_wconf 87' lang='lat' dir='ltr'>administrare</span> <span class='ocrx_word' id='word_1_177' title='bbox 1737 1314 1839 1350; x_wconf 82' lang='lat' dir='ltr'>posse</span> <span class='ocrx_word' id='word_1_178' title='bbox 1875 1316 1951 1340; x_wconf 91' lang='lat' dir='ltr'>cum</span> <span class='ocrx_word' id='word_1_179' title='bbox 1980 1317 2070 1340; x_wconf 88' lang='lat' dir='ltr'>con-</span> 
     </span>
     <span class='ocr_line' id='line_1_18' title="bbox 175 1360 2068 1412; baseline 0.004 -17"><span class='ocrx_word' id='word_1_180' title='bbox 175 1372 279 1395; x_wconf 86' lang='lat' dir='ltr'>sensu</span> <span class='ocrx_word' id='word_1_181' title='bbox 308 1364 414 1395; x_wconf 86' lang='lat' dir='ltr'>nostri</span> <span class='ocrx_word' id='word_1_182' title='bbox 458 1360 600 1407; x_wconf 86' lang='lat' dir='ltr'>Capituli</span> <span class='ocrx_word' id='word_1_183' title='bbox 644 1360 881 1395; x_wconf 86' lang='lat' dir='ltr'>Olomucensis</span> <span class='ocrx_word' id='word_1_184' title='bbox 923 1364 1115 1395; x_wconf 84' lang='lat' dir='ltr'>consentire</span> <span class='ocrx_word' id='word_1_185' title='bbox 1157 1360 1391 1396; x_wconf 84' lang='lat' dir='ltr'>favorabiliter</span> <span class='ocrx_word' id='word_1_186' title='bbox 1425 1363 1652 1408; x_wconf 74' lang='lat' dir='ltr'>dignaremur.</span> <span class='ocrx_word' id='word_1_187' title='bbox 1696 1364 1767 1399; x_wconf 75' lang='lat' dir='ltr'>Nos</span> <span class='ocrx_word' id='word_1_188' title='bbox 1811 1369 1867 1412; x_wconf 80' lang='lat' dir='ltr'>qui</span> <span class='ocrx_word' id='word_1_189' title='bbox 1910 1367 2068 1402; x_wconf 85' lang='lat' dir='ltr'>devotum</span> 
     </span>
     <span class='ocr_line' id='line_1_19' title="bbox 174 1422 2069 1476; baseline 0.004 -20"><span class='ocrx_word' id='word_1_190' title='bbox 174 1425 383 1469; x_wconf 87' lang='lat' dir='ltr'>propositum</span> <span class='ocrx_word' id='word_1_191' title='bbox 411 1422 653 1457; x_wconf 86' lang='lat' dir='ltr'>comendamus</span> <span class='ocrx_word' id='word_1_192' title='bbox 682 1423 745 1469; x_wconf 88' lang='lat' dir='ltr'>pijs</span> <span class='ocrx_word' id='word_1_193' title='bbox 775 1422 952 1467; x_wconf 87' lang='lat' dir='ltr'>desiderijs</span> <span class='ocrx_word' id='word_1_194' title='bbox 984 1434 1159 1457; x_wconf 82' lang='lat' dir='ltr'>assensum</span> <span class='ocrx_word' id='word_1_195' title='bbox 1189 1428 1338 1458; x_wconf 89' lang='lat' dir='ltr'>nostrum</span> <span class='ocrx_word' id='word_1_196' title='bbox 1367 1424 1510 1471; x_wconf 90' lang='lat' dir='ltr'>prebere</span> <span class='ocrx_word' id='word_1_197' title='bbox 1533 1429 1718 1472; x_wconf 62' lang='lat' dir='ltr'>cupientes„</span> <span class='ocrx_word' id='word_1_198' title='bbox 1741 1427 1958 1464; x_wconf 71' lang='lat' dir='ltr'>advertentes</span> <span class='ocrx_word' id='word_1_199' title='bbox 1980 1430 2069 1476; x_wconf 86' lang='lat' dir='ltr'>quod</span> 
     </span>
     <span class='ocr_line' id='line_1_20' title="bbox 176 1484 2067 1537; baseline 0.005 -20"><span class='ocrx_word' id='word_1_200' title='bbox 176 1484 240 1518; x_wconf 87' lang='lat' dir='ltr'>hac</span> <span class='ocrx_word' id='word_1_201' title='bbox 270 1484 414 1518; x_wconf 86' lang='lat' dir='ltr'>ccclesia</span> <span class='ocrx_word' id='word_1_202' title='bbox 444 1484 551 1518; x_wconf 87' lang='lat' dir='ltr'>cultus</span> <span class='ocrx_word' id='word_1_203' title='bbox 581 1484 648 1518; x_wconf 87' lang='lat' dir='ltr'>divi</span> <span class='ocrx_word' id='word_1_204' title='bbox 677 1487 822 1518; x_wconf 87' lang='lat' dir='ltr'>numinis</span> <span class='ocrx_word' id='word_1_205' title='bbox 852 1484 1030 1519; x_wconf 77' lang='lat' dir='ltr'>evidenter</span> <span class='ocrx_word' id='word_1_206' title='bbox 1058 1485 1238 1531; x_wconf 77' lang='lat' dir='ltr'>augebitur</span> <span class='ocrx_word' id='word_1_207' title='bbox 1267 1486 1307 1520; x_wconf 93' lang='lat' dir='ltr'>de</span> <span class='ocrx_word' id='word_1_208' title='bbox 1336 1490 1440 1521; x_wconf 80' lang='lat' dir='ltr'>nostri</span> <span class='ocrx_word' id='word_1_209' title='bbox 1473 1487 1708 1523; x_wconf 88' lang='lat' dir='ltr'>Olomucensis</span> <span class='ocrx_word' id='word_1_210' title='bbox 1746 1489 1886 1537; x_wconf 90' lang='lat' dir='ltr'>Capituli</span> <span class='ocrx_word' id='word_1_211' title='bbox 1924 1503 2067 1526; x_wconf 87' lang='lat' dir='ltr'>assensu</span> 
     </span>
     <span class='ocr_line' id='line_1_21' title="bbox 177 1545 2068 1599; baseline 0.004 -19"><span class='ocrx_word' id='word_1_212' title='bbox 177 1545 329 1591; x_wconf 72' lang='lat' dir='ltr'>diligenti</span> <span class='ocrx_word' id='word_1_213' title='bbox 359 1545 610 1588; x_wconf 83' lang='lat' dir='ltr'>deliberacione</span> <span class='ocrx_word' id='word_1_214' title='bbox 639 1545 715 1580; x_wconf 89' lang='lat' dir='ltr'>huic</span> <span class='ocrx_word' id='word_1_215' title='bbox 744 1557 835 1580; x_wconf 87' lang='lat' dir='ltr'>nove</span> <span class='ocrx_word' id='word_1_216' title='bbox 863 1546 1018 1581; x_wconf 83' lang='lat' dir='ltr'>Ecclesie</span> <span class='ocrx_word' id='word_1_217' title='bbox 1048 1550 1078 1581; x_wconf 92' lang='lat' dir='ltr'>in</span> <span class='ocrx_word' id='word_1_218' title='bbox 1111 1547 1270 1582; x_wconf 85' lang='lat' dir='ltr'>Sarusicz</span> <span class='ocrx_word' id='word_1_219' title='bbox 1306 1552 1407 1583; x_wconf 89' lang='lat' dir='ltr'>certis</span> <span class='ocrx_word' id='word_1_220' title='bbox 1440 1550 1576 1584; x_wconf 87' lang='lat' dir='ltr'>limitate</span> <span class='ocrx_word' id='word_1_221' title='bbox 1612 1554 1761 1586; x_wconf 87' lang='lat' dir='ltr'>terminis</span> <span class='ocrx_word' id='word_1_222' title='bbox 1796 1551 1857 1587; x_wconf 87' lang='lat' dir='ltr'>Jus</span> <span class='ocrx_word' id='word_1_223' title='bbox 1890 1553 2068 1599; x_wconf 82' lang='lat' dir='ltr'>parrochie</span> 
     </span>
     <span class='ocr_line' id='line_1_22' title="bbox 177 1607 2067 1657; baseline 0.005 -16"><span class='ocrx_word' id='word_1_224' title='bbox 177 1610 432 1652; x_wconf 72' lang='lat' dir='ltr'>assignavimus</span> <span class='ocrx_word' id='word_1_225' title='bbox 463 1612 495 1641; x_wconf 85' lang='lat' dir='ltr'>et</span> <span class='ocrx_word' id='word_1_226' title='bbox 523 1607 853 1642; x_wconf 89' lang='lat' dir='ltr'>administracioncm</span> <span class='ocrx_word' id='word_1_227' title='bbox 881 1608 980 1642; x_wconf 85' lang='lat' dir='ltr'>modo</span> <span class='ocrx_word' id='word_1_228' title='bbox 1003 1612 1106 1655; x_wconf 91' lang='lat' dir='ltr'>petito</span> <span class='ocrx_word' id='word_1_229' title='bbox 1129 1612 1161 1643; x_wconf 94' lang='lat' dir='ltr'>in</span> <span class='ocrx_word' id='word_1_230' title='bbox 1185 1615 1380 1657; x_wconf 90' lang='lat' dir='ltr'>perpetuum</span> <span class='ocrx_word' id='word_1_231' title='bbox 1404 1615 1647 1647; x_wconf 85' lang='lat' dir='ltr'>concessimus.</span> <span class='ocrx_word' id='word_1_232' title='bbox 1671 1612 1834 1648; x_wconf 70' lang='lat' dir='ltr'>Volentes</span> <span class='ocrx_word' id='word_1_233' title='bbox 1858 1619 1890 1648; x_wconf 91' lang='lat' dir='ltr'>ut</span> <span class='ocrx_word' id='word_1_234' title='bbox 1913 1614 2067 1650; x_wconf 83' lang='lat' dir='ltr'>Ecclesia</span> 
     </span>
     <span class='ocr_line' id='line_1_23' title="bbox 176 1668 2074 1716; baseline 0.004 -13"><span class='ocrx_word' id='word_1_235' title='bbox 176 1668 241 1704; x_wconf 87' lang='lat' dir='ltr'>hec</span> <span class='ocrx_word' id='word_1_236' title='bbox 270 1669 430 1715; x_wconf 87' lang='lat' dir='ltr'>deinceps</span> <span class='ocrx_word' id='word_1_237' title='bbox 459 1668 680 1716; x_wconf 83' lang='lat' dir='ltr'>parrochialis</span> <span class='ocrx_word' id='word_1_238' title='bbox 709 1672 740 1702; x_wconf 91' lang='lat' dir='ltr'>in</span> <span class='ocrx_word' id='word_1_239' title='bbox 771 1669 924 1703; x_wconf 85' lang='lat' dir='ltr'>omnibus</span> <span class='ocrx_word' id='word_1_240' title='bbox 954 1673 1022 1704; x_wconf 82' lang='lat' dir='ltr'>suis</span> <span class='ocrx_word' id='word_1_241' title='bbox 1052 1670 1187 1705; x_wconf 68' lang='lat' dir='ltr'>juribus</span> <span class='ocrx_word' id='word_1_242' title='bbox 1217 1677 1407 1707; x_wconf 86' lang='lat' dir='ltr'>censeatur.</span> <span class='ocrx_word' id='word_1_243' title='bbox 1439 1678 1469 1707; x_wconf 91' lang='lat' dir='ltr'>et</span> <span class='ocrx_word' id='word_1_244' title='bbox 1499 1679 1531 1707; x_wconf 90' lang='lat' dir='ltr'>ut</span> <span class='ocrx_word' id='word_1_245' title='bbox 1563 1686 1637 1708; x_wconf 90' lang='lat' dir='ltr'>eam</span> <span class='ocrx_word' id='word_1_246' title='bbox 1667 1674 1820 1710; x_wconf 88' lang='lat' dir='ltr'>homines</span> <span class='ocrx_word' id='word_1_247' title='bbox 1856 1679 1889 1710; x_wconf 92' lang='lat' dir='ltr'>in</span> <span class='ocrx_word' id='word_1_248' title='bbox 1926 1677 2074 1713; x_wconf 82' lang='lat' dir='ltr'>Arlebof</span> 
     </span>
     <span class='ocr_line' id='line_1_24' title="bbox 177 1730 2070 1786; baseline 0.005 -21"><span class='ocrx_word' id='word_1_249' title='bbox 177 1735 211 1765; x_wconf 86' lang='lat' dir='ltr'>et</span> <span class='ocrx_word' id='word_1_250' title='bbox 246 1730 299 1776; x_wconf 85' lang='lat' dir='ltr'>aiij</span> <span class='ocrx_word' id='word_1_251' title='bbox 345 1742 463 1765; x_wconf 87' lang='lat' dir='ltr'>omnes</span> <span class='ocrx_word' id='word_1_252' title='bbox 500 1730 552 1765; x_wconf 82' lang='lat' dir='ltr'>liic</span> <span class='ocrx_word' id='word_1_253' title='bbox 589 1735 619 1764; x_wconf 81' lang='lat' dir='ltr'>ct</span> <span class='ocrx_word' id='word_1_254' title='bbox 649 1730 692 1764; x_wconf 89' lang='lat' dir='ltr'>ibi</span> <span class='ocrx_word' id='word_1_255' title='bbox 730 1730 916 1765; x_wconf 81' lang='lat' dir='ltr'>habitantes</span> <span class='ocrx_word' id='word_1_256' title='bbox 953 1744 1012 1778; x_wconf 87' lang='lat' dir='ltr'>pro</span> <span class='ocrx_word' id='word_1_257' title='bbox 1048 1733 1222 1768; x_wconf 82' lang='lat' dir='ltr'>audiendis</span> <span class='ocrx_word' id='word_1_258' title='bbox 1259 1734 1381 1768; x_wconf 84' lang='lat' dir='ltr'>divinis</span> <span class='ocrx_word' id='word_1_259' title='bbox 1418 1736 1644 1782; x_wconf 86' lang='lat' dir='ltr'>percipiendis</span> <span class='ocrx_word' id='word_1_260' title='bbox 1680 1741 1901 1772; x_wconf 85' lang='lat' dir='ltr'>sacramentis</span> <span class='ocrx_word' id='word_1_261' title='bbox 1936 1750 2070 1786; x_wconf 88' lang='lat' dir='ltr'>semper</span> 
     </span>
     <span class='ocr_line' id='line_1_25' title="bbox 177 1792 2069 1838; baseline 0.005 -11"><span class='ocrx_word' id='word_1_262' title='bbox 177 1793 343 1828; x_wconf 86' lang='lat' dir='ltr'>accedere</span> <span class='ocrx_word' id='word_1_263' title='bbox 386 1797 563 1827; x_wconf 87' lang='lat' dir='ltr'>tencantur</span> <span class='ocrx_word' id='word_1_264' title='bbox 605 1797 635 1826; x_wconf 83' lang='lat' dir='ltr'>ct</span> <span class='ocrx_word' id='word_1_265' title='bbox 679 1792 720 1826; x_wconf 92' lang='lat' dir='ltr'>ibi</span> <span class='ocrx_word' id='word_1_266' title='bbox 764 1793 965 1838; x_wconf 80' lang='lat' dir='ltr'>sepulturam</span> <span class='ocrx_word' id='word_1_267' title='bbox 1009 1794 1191 1829; x_wconf 87' lang='lat' dir='ltr'>obtineant.</span> <span class='ocrx_word' id='word_1_268' title='bbox 1237 1795 1414 1830; x_wconf 88' lang='lat' dir='ltr'>dummodo</span> <span class='ocrx_word' id='word_1_269' title='bbox 1458 1796 1498 1831; x_wconf 91' lang='lat' dir='ltr'>ab</span> <span class='ocrx_word' id='word_1_270' title='bbox 1542 1797 1663 1832; x_wconf 91' lang='lat' dir='ltr'>abbate</span> <span class='ocrx_word' id='word_1_271' title='bbox 1705 1803 1739 1832; x_wconf 90' lang='lat' dir='ltr'>ut</span> <span class='ocrx_word' id='word_1_272' title='bbox 1780 1798 1904 1834; x_wconf 84' lang='lat' dir='ltr'>factum</span> <span class='ocrx_word' id='word_1_273' title='bbox 1946 1805 2069 1836; x_wconf 88' lang='lat' dir='ltr'>rectori</span> 
     </span>
     <span class='ocr_line' id='line_1_26' title="bbox 176 1854 2069 1908; baseline 0.005 -19"><span class='ocrx_word' id='word_1_274' title='bbox 176 1854 332 1890; x_wconf 89' lang='lat' dir='ltr'>Ecclesie</span> <span class='ocrx_word' id='word_1_275' title='bbox 362 1854 403 1889; x_wconf 86' lang='lat' dir='ltr'>ad</span> <span class='ocrx_word' id='word_1_276' title='bbox 433 1854 557 1889; x_wconf 89' lang='lat' dir='ltr'>libitum</span> <span class='ocrx_word' id='word_1_277' title='bbox 587 1854 824 1900; x_wconf 65' lang='lat' dir='ltr'>exponendum</span> <span class='ocrx_word' id='word_1_278' title='bbox 847 1860 878 1888; x_wconf 90' lang='lat' dir='ltr'>et</span> <span class='ocrx_word' id='word_1_279' title='bbox 901 1857 1160 1891; x_wconf 87' lang='lat' dir='ltr'>ammovendum</span> <span class='ocrx_word' id='word_1_280' title='bbox 1190 1869 1325 1904; x_wconf 78' lang='lat' dir='ltr'>semper</span> <span class='ocrx_word' id='word_1_281' title='bbox 1349 1858 1390 1891; x_wconf 90' lang='lat' dir='ltr'>de</span> <span class='ocrx_word' id='word_1_282' title='bbox 1413 1870 1564 1904; x_wconf 81' lang='lat' dir='ltr'>congrua</span> <span class='ocrx_word' id='word_1_283' title='bbox 1589 1864 1621 1893; x_wconf 91' lang='lat' dir='ltr'>et</span> <span class='ocrx_word' id='word_1_284' title='bbox 1645 1859 1822 1895; x_wconf 85' lang='lat' dir='ltr'>sufficienti</span> <span class='ocrx_word' id='word_1_285' title='bbox 1851 1863 2069 1908; x_wconf 80' lang='lat' dir='ltr'>provideatur</span> 
     </span>
     <span class='ocr_line' id='line_1_27' title="bbox 177 1916 2067 1971; baseline 0.004 -19"><span class='ocrx_word' id='word_1_286' title='bbox 177 1920 440 1952; x_wconf 85' lang='lat' dir='ltr'>sustentacionc.</span> <span class='ocrx_word' id='word_1_287' title='bbox 487 1917 521 1951; x_wconf 93' lang='lat' dir='ltr'>In</span> <span class='ocrx_word' id='word_1_288' title='bbox 566 1928 706 1963; x_wconf 86' lang='lat' dir='ltr'>qnorum</span> <span class='ocrx_word' id='word_1_289' title='bbox 749 1916 846 1950; x_wconf 82' lang='lat' dir='ltr'>tidem</span> <span class='ocrx_word' id='word_1_290' title='bbox 883 1922 913 1950; x_wconf 82' lang='lat' dir='ltr'>et</span> <span class='ocrx_word' id='word_1_291' title='bbox 957 1922 1153 1952; x_wconf 84' lang='lat' dir='ltr'>memoriam</span> <span class='ocrx_word' id='word_1_292' title='bbox 1195 1924 1370 1965; x_wconf 85' lang='lat' dir='ltr'>presentes</span> <span class='ocrx_word' id='word_1_293' title='bbox 1412 1920 1526 1955; x_wconf 88' lang='lat' dir='ltr'>literas</span> <span class='ocrx_word' id='word_1_294' title='bbox 1569 1921 1779 1969; x_wconf 87' lang='lat' dir='ltr'>Episcopalis</span> <span class='ocrx_word' id='word_1_295' title='bbox 1822 1928 1924 1958; x_wconf 84' lang='lat' dir='ltr'>nostri</span> <span class='ocrx_word' id='word_1_296' title='bbox 1970 1926 2067 1971; x_wconf 72' lang='lat' dir='ltr'>sigilli</span> 
     </span>
     <span class='ocr_line' id='line_1_28' title="bbox 176 1978 2068 2033; baseline 0.004 -20"><span class='ocrx_word' id='word_1_297' title='bbox 176 1982 387 2026; x_wconf 89' lang='lat' dir='ltr'>appensione</span> <span class='ocrx_word' id='word_1_298' title='bbox 416 1978 556 2013; x_wconf 85' lang='lat' dir='ltr'>fecimus</span> <span class='ocrx_word' id='word_1_299' title='bbox 593 1981 723 2012; x_wconf 89' lang='lat' dir='ltr'>muniri.</span> <span class='ocrx_word' id='word_1_300' title='bbox 763 1978 882 2012; x_wconf 85' lang='lat' dir='ltr'>Datum</span> <span class='ocrx_word' id='word_1_301' title='bbox 920 1981 951 2012; x_wconf 90' lang='lat' dir='ltr'>in</span> <span class='ocrx_word' id='word_1_302' title='bbox 989 1980 1106 2014; x_wconf 74' lang='lat' dir='ltr'>Olmuc</span> <span class='ocrx_word' id='word_1_303' title='bbox 1143 1992 1232 2014; x_wconf 57' lang='lat' dir='ltr'>{inno</span> <span class='ocrx_word' id='word_1_304' title='bbox 1270 1981 1393 2016; x_wconf 88' lang='lat' dir='ltr'>domini</span> <span class='ocrx_word' id='word_1_305' title='bbox 1429 1982 1607 2017; x_wconf 82' lang='lat' dir='ltr'>Millesimo</span> <span class='ocrx_word' id='word_1_306' title='bbox 1647 1984 1901 2020; x_wconf 87' lang='lat' dir='ltr'>Trecentesimo</span> <span class='ocrx_word' id='word_1_307' title='bbox 1931 1991 2068 2033; x_wconf 85' lang='lat' dir='ltr'>quinto—</span> 
     </span>
     <span class='ocr_line' id='line_1_29' title="bbox 177 2030 1175 2085; baseline 0 -10"><span class='ocrx_word' id='word_1_308' title='bbox 177 2040 308 2076; x_wconf 82' lang='lat' dir='ltr'>decimo</span> <span class='ocrx_word' id='word_1_309' title='bbox 337 2040 379 2075; x_wconf 69' lang='grc' dir='ltr'>Υ.</span> <span class='ocrx_word' id='word_1_310' title='bbox 409 2040 497 2075; x_wconf 78' lang='lat' dir='ltr'>Non.</span> <span class='ocrx_word' id='word_1_311' title='bbox 528 2030 620 2085; x_wconf 78' lang='lat' dir='ltr'>Maij.</span> <span class='ocrx_word' id='word_1_312' title='bbox 653 2040 867 2074; x_wconf 78' lang='lat' dir='ltr'>Pontificatus</span> <span class='ocrx_word' id='word_1_313' title='bbox 897 2052 985 2074; x_wconf 79' lang='lat' dir='ltr'>anno</span> <span class='ocrx_word' id='word_1_314' title='bbox 1015 2042 1175 2076; x_wconf 84' lang='lat' dir='ltr'>secundo.</span> 
     </span>
    </p>
   </div>
   <div class='ocr_carea' id='block_1_4' title="bbox 493 2121 2067 2211">
    <p class='ocr_par' dir='ltr' id='par_1_4' title="bbox 493 2121 2067 2211">
     <span class='ocr_line' id='line_1_30' title="bbox 493 2121 2067 2165; baseline 0.006 -18"><span class='ocrx_word' id='word_1_315' title='bbox 493 2121 581 2155; x_wconf 59' lang='lat' dir='ltr'>(Oi-igr.</span> <span class='ocrx_word' id='word_1_316' title='bbox 610 2121 756 2148; x_wconf 81' lang='lat' dir='ltr'>membran.</span> <span class='ocrx_word' id='word_1_317' title='bbox 782 2122 858 2156; x_wconf 85' lang='lat' dir='ltr'>cnjus</span> <span class='ocrx_word' id='word_1_318' title='bbox 884 2121 1002 2155; x_wconf 70' lang='lat' dir='ltr'>sigillum</span> <span class='ocrx_word' id='word_1_319' title='bbox 1029 2122 1170 2149; x_wconf 82' lang='lat' dir='ltr'>bilaterale</span> <span class='ocrx_word' id='word_1_320' title='bbox 1199 2124 1347 2152; x_wconf 57' lang='lat' dir='ltr'>oblongum</span> <span class='ocrx_word' id='word_1_321' title='bbox 1373 2129 1398 2152; x_wconf 87' lang='lat' dir='ltr'>et</span> <span class='ocrx_word' id='word_1_322' title='bbox 1424 2134 1456 2165; x_wconf 47' lang='grc' dir='ltr'>εξ</span> <span class='ocrx_word' id='word_1_323' title='bbox 1483 2129 1559 2161; x_wconf 83' lang='lat' dir='ltr'>parte</span> <span class='ocrx_word' id='word_1_324' title='bbox 1584 2127 1675 2154; x_wconf 68' lang='lat' dir='ltr'>taesum</span> <span class='ocrx_word' id='word_1_325' title='bbox 1695 2131 1746 2154; x_wconf 85' lang='lat' dir='ltr'>est.</span> <span class='ocrx_word' id='word_1_326' title='bbox 1766 2128 1790 2155; x_wconf 82' lang='lat' dir='ltr'>in</span> <span class='ocrx_word' id='word_1_327' title='bbox 1810 2129 1921 2156; x_wconf 71' lang='lat' dir='ltr'>archivo</span> <span class='ocrx_word' id='word_1_328' title='bbox 1946 2130 2067 2164; x_wconf 74' lang='lat' dir='ltr'>ejusdem</span> 
     </span>
     <span class='ocr_line' id='line_1_31' title="bbox 598 2174 1548 2211; baseline 0.007 -11"><span class='ocrx_word' id='word_1_329' title='bbox 598 2174 754 2200; x_wconf 78' lang='lat' dir='ltr'>monasterii</span> <span class='ocrx_word' id='word_1_330' title='bbox 780 2175 850 2209; x_wconf 88' lang='lat' dir='ltr'>apud</span> <span class='ocrx_word' id='word_1_331' title='bbox 876 2176 904 2201; x_wconf 65' lang='grc' dir='ltr'>Γ.</span> <span class='ocrx_word' id='word_1_332' title='bbox 929 2175 956 2202; x_wconf 70' lang='lat' dir='ltr'>ll.</span> <span class='ocrx_word' id='word_1_333' title='bbox 983 2175 1100 2202; x_wconf 84' lang='lat' dir='ltr'>Gubern.</span> <span class='ocrx_word' id='word_1_334' title='bbox 1127 2177 1219 2203; x_wconf 62' lang='lat' dir='ltr'>Brutia*</span> <span class='ocrx_word' id='word_1_335' title='bbox 1245 2178 1294 2204; x_wconf 89' lang='lat' dir='ltr'>sub</span> <span class='ocrx_word' id='word_1_336' title='bbox 1320 2178 1368 2205; x_wconf 84' lang='lat' dir='ltr'>Lit.</span> <span class='ocrx_word' id='word_1_337' title='bbox 1395 2179 1425 2206; x_wconf 89' lang='lat' dir='ltr'>E.</span> <span class='ocrx_word' id='word_1_338' title='bbox 1452 2188 1477 2206; x_wconf 89' lang='lat' dir='ltr'>n.</span> <span class='ocrx_word' id='word_1_339' title='bbox 1505 2179 1548 2211; x_wconf 74' lang='lat'>5.)</span> 
     </span>
    </p>
   </div>
   <div class='ocr_carea' id='block_1_5' title="bbox 177 2336 2067 2500">
    <p class='ocr_par' dir='ltr' id='par_1_5' title="bbox 177 2336 2067 2500">
     <span class='ocr_line' id='line_1_32' title="bbox 177 2336 2067 2391; baseline 0.005 -20"><span class='ocrx_word' id='word_1_340' title='bbox 177 2336 370 2382; x_wconf 74' lang='lat' dir='ltr'>Jokamees,</span> <span class='ocrx_word' id='word_1_341' title='bbox 399 2337 576 2371; x_wconf 77' lang='lat' dir='ltr'>Bohemz&#39;oe</span> <span class='ocrx_word' id='word_1_342' title='bbox 605 2349 682 2381; x_wconf 57' lang='lat' dir='ltr'>rea:⁷</span> <span class='ocrx_word' id='word_1_343' title='bbox 721 2339 929 2383; x_wconf 71' lang='lat' dir='ltr'>oppifflmral</span> <span class='ocrx_word' id='word_1_344' title='bbox 963 2338 1144 2373; x_wconf 78' lang='lat' dir='ltr'>Frz&#39;clerico</span> <span class='ocrx_word' id='word_1_345' title='bbox 1187 2340 1229 2374; x_wconf 82' lang='lat' dir='ltr'>de</span> <span class='ocrx_word' id='word_1_346' title='bbox 1263 2340 1411 2376; x_wconf 73' lang='lat' dir='ltr'>Linaria</span> <span class='ocrx_word' id='word_1_347' title='bbox 1435 2354 1503 2388; x_wconf 84' lang='lat' dir='ltr'>pro</span> <span class='ocrx_word' id='word_1_348' title='bbox 1538 2345 1693 2378; x_wconf 70' lang='lat' dir='ltr'>sercitiis</span> <span class='ocrx_word' id='word_1_349' title='bbox 1723 2345 1878 2390; x_wconf 76' lang='lat' dir='ltr'>fideliler</span> <span class='ocrx_word' id='word_1_350' title='bbox 1909 2349 2067 2391; x_wconf 72' lang='lat' dir='ltr'>peractis</span> 
     </span>
     <span class='ocr_line' id='line_1_33' title="bbox 178 2398 2066 2452; baseline 0.005 -19"><span class='ocrx_word' id='word_1_351' title='bbox 178 2398 296 2433; x_wconf 68' lang='lat' dir='ltr'>villam</span> <span class='ocrx_word' id='word_1_352' title='bbox 327 2398 561 2433; x_wconf 59' lang='lat' dir='ltr'>&amp;declat-ie:-</span> <span class='ocrx_word' id='word_1_353' title='bbox 592 2401 624 2433; x_wconf 75' lang='lat' dir='ltr'>in</span> <span class='ocrx_word' id='word_1_354' title='bbox 658 2399 696 2434; x_wconf 88' lang='lat' dir='ltr'>C.</span> <span class='ocrx_word' id='word_1_355' title='bbox 724 2401 851 2433; x_wconf 75' lang='lat' dir='ltr'>mareis</span> <span class='ocrx_word' id='word_1_356' title='bbox 877 2412 1078 2444; x_wconf 61' lang='lat' dir='ltr'>(lm-ssorum</span> <span class='ocrx_word' id='word_1_357' title='bbox 1105 2404 1310 2447; x_wconf 68' lang='lat' dir='ltr'>lmqanaente?</span> <span class='ocrx_word' id='word_1_358' title='bbox 1336 2406 1435 2449; x_wconf 60' lang='lat' dir='ltr'>reyfi.</span> <span class='ocrx_word' id='word_1_359' title='bbox 1467 2404 1528 2439; x_wconf 89' lang='lat' dir='ltr'>Dl.</span> <span class='ocrx_word' id='word_1_360' title='bbox 1555 2407 1586 2439; x_wconf 75' lang='lat' dir='ltr'>iu</span> <span class='ocrx_word' id='word_1_361' title='bbox 1617 2408 1746 2440; x_wconf 65' lang='lat' dir='ltr'>castr-is</span> <span class='ocrx_word' id='word_1_362' title='bbox 1770 2418 1882 2452; x_wconf 84' lang='lat' dir='ltr'>prope</span> <span class='ocrx_word' id='word_1_363' title='bbox 1911 2408 2066 2443; x_wconf 71' lang='lat' dir='ltr'>Bramme</span> 
     </span>
     <span class='ocr_line' id='line_1_34' title="bbox 868 2462 1378 2500; baseline 0.01 -5"><span class='ocrx_word' id='word_1_364' title='bbox 868 2462 930 2497; x_wconf 77' lang='lat' dir='ltr'>Jt&#39;.</span> <span class='ocrx_word' id='word_1_365' title='bbox 961 2462 1110 2497; x_wconf 78' lang='lat' dir='ltr'>Kalend.</span> <span class='ocrx_word' id='word_1_366' title='bbox 1140 2464 1239 2498; x_wconf 74' lang='lat' dir='ltr'>Jum&#39;z&#39;</span> <span class='ocrx_word' id='word_1_367' title='bbox 1266 2464 1378 2500; x_wconf 84' lang='lat'><em>1315.</em></span> 
     </span>
    </p>
   </div>
   <div class='ocr_carea' id='block_1_6' title="bbox 177 2538 2067 2780">
    <p class='ocr_par' dir='ltr' id='par_1_6' title="bbox 177 2538 2067 2733">
     <span class='ocr_line' id='line_1_35' title="bbox 353 2538 2066 2611; baseline 0.006 -20"><span class='ocrx_word' id='word_1_368' title='bbox 353 2538 444 2592; x_wconf 59' lang='lat' dir='ltr'>Ros</span> <span class='ocrx_word' id='word_1_369' title='bbox 473 2558 646 2593; x_wconf 86' lang='lat' dir='ltr'>Johannes</span> <span class='ocrx_word' id='word_1_370' title='bbox 677 2559 728 2594; x_wconf 87' lang='lat' dir='ltr'>dei</span> <span class='ocrx_word' id='word_1_371' title='bbox 759 2563 875 2605; x_wconf 66' lang='lat' dir='ltr'>(gracia</span> <span class='ocrx_word' id='word_1_372' title='bbox 901 2559 1038 2594; x_wconf 79' lang='lat' dir='ltr'>Hocinie</span> <span class='ocrx_word' id='word_1_373' title='bbox 1068 2565 1100 2595; x_wconf 89' lang='lat' dir='ltr'>et</span> <span class='ocrx_word' id='word_1_374' title='bbox 1128 2561 1266 2596; x_wconf 85' lang='lat' dir='ltr'>Polonie</span> <span class='ocrx_word' id='word_1_375' title='bbox 1294 2563 1371 2598; x_wconf 82' lang='lat' dir='ltr'>Rex</span> <span class='ocrx_word' id='word_1_376' title='bbox 1395 2576 1433 2598; x_wconf 88' lang='lat' dir='ltr'>ac</span> <span class='ocrx_word' id='word_1_377' title='bbox 1457 2564 1763 2611; x_wconf 67' lang='lat' dir='ltr'>Lucemburgensis</span> <span class='ocrx_word' id='word_1_378' title='bbox 1787 2565 1920 2601; x_wconf 81' lang='lat' dir='ltr'>Comes.</span> <span class='ocrx_word' id='word_1_379' title='bbox 1944 2566 2066 2602; x_wconf 83' lang='lat' dir='ltr'>Notum</span> 
     </span>
     <span class='ocr_line' id='line_1_36' title="bbox 177 2619 2065 2674; baseline 0.005 -21"><span class='ocrx_word' id='word_1_380' title='bbox 177 2630 255 2654; x_wconf 87' lang='lat' dir='ltr'>esse</span> <span class='ocrx_word' id='word_1_381' title='bbox 284 2619 440 2654; x_wconf 87' lang='lat' dir='ltr'>volumus</span> <span class='ocrx_word' id='word_1_382' title='bbox 468 2622 649 2656; x_wconf 85' lang='lat' dir='ltr'>vniuersis.</span> <span class='ocrx_word' id='word_1_383' title='bbox 695 2622 790 2663; x_wconf 83' lang='lat' dir='ltr'>Quod</span> <span class='ocrx_word' id='word_1_384' title='bbox 822 2633 882 2656; x_wconf 90' lang='lat' dir='ltr'>nos</span> <span class='ocrx_word' id='word_1_385' title='bbox 913 2622 1033 2657; x_wconf 87' lang='lat' dir='ltr'>dilecto</span> <span class='ocrx_word' id='word_1_386' title='bbox 1077 2621 1162 2657; x_wconf 85' lang='lat' dir='ltr'>lidcli</span> <span class='ocrx_word' id='word_1_387' title='bbox 1206 2629 1320 2659; x_wconf 88' lang='lat' dir='ltr'>nostro</span> <span class='ocrx_word' id='word_1_388' title='bbox 1364 2625 1539 2661; x_wconf 87' lang='lat' dir='ltr'>Friderico</span> <span class='ocrx_word' id='word_1_389' title='bbox 1583 2628 1623 2661; x_wconf 90' lang='lat' dir='ltr'>de</span> <span class='ocrx_word' id='word_1_390' title='bbox 1659 2627 1811 2674; x_wconf 61' lang='lat' dir='ltr'>Lynauia</span> <span class='ocrx_word' id='word_1_391' title='bbox 1855 2628 1896 2662; x_wconf 87' lang='lat' dir='ltr'>de</span> <span class='ocrx_word' id='word_1_392' title='bbox 1926 2628 2065 2664; x_wconf 89' lang='lat' dir='ltr'>Centum</span> 
     </span>
     <span class='ocr_line' id='line_1_37' title="bbox 177 2680 2067 2733; baseline 0.006 -18"><span class='ocrx_word' id='word_1_393' title='bbox 177 2680 301 2716; x_wconf 84' lang='lat' dir='ltr'>Marcis</span> <span class='ocrx_word' id='word_1_394' title='bbox 343 2692 540 2727; x_wconf 78' lang='lat' dir='ltr'>grossorum</span> <span class='ocrx_word' id='word_1_395' title='bbox 584 2682 809 2718; x_wconf 84' lang='lat' dir='ltr'>denariorum.</span> <span class='ocrx_word' id='word_1_396' title='bbox 855 2687 1045 2730; x_wconf 77' lang='lat' dir='ltr'>pagamenti</span> <span class='ocrx_word' id='word_1_397' title='bbox 1088 2684 1187 2730; x_wconf 84' lang='lat' dir='ltr'>Regij</span> <span class='ocrx_word' id='word_1_398' title='bbox 1231 2689 1263 2721; x_wconf 90' lang='lat' dir='ltr'>in</span> <span class='ocrx_word' id='word_1_399' title='bbox 1306 2687 1424 2733; x_wconf 80' lang='lat' dir='ltr'>qmbus</span> <span class='ocrx_word' id='word_1_400' title='bbox 1468 2689 1538 2723; x_wconf 90' lang='lat' dir='ltr'>Sibi</span> <span class='ocrx_word' id='word_1_401' title='bbox 1582 2692 1719 2723; x_wconf 88' lang='lat' dir='ltr'>racione</span> <span class='ocrx_word' id='word_1_402' title='bbox 1762 2689 1990 2725; x_wconf 88' lang='lat' dir='ltr'>Seruiciorum</span> <span class='ocrx_word' id='word_1_403' title='bbox 2035 2696 2067 2725; x_wconf 89' lang='lat' dir='ltr'>et</span> 
     </span>
    </p>

    <p class='ocr_par' dir='ltr' id='par_1_7' title="bbox 1813 2751 1856 2780">
     <span class='ocr_line' id='line_1_38' title="bbox 1813 2751 1856 2780; baseline 0 -15"><span class='ocrx_word' id='word_1_404' title='bbox 1813 2751 1856 2780; x_wconf 53' lang='lat'>9*</span> 
     </span>
    </p>
   </div>
  </div>
 </body>
</html>
