2357 3021
1071 179 1114 214 51

154 299 256 344 ipsius
286 296 469 341 Pragensis
499 296 644 331 ecclesie
677 307 717 330 ac
746 295 933 330 huiusmodi
964 295 1027 329 alia
1056 294 1221 330 beneficia
1250 298 1277 330 si
1312 307 1375 341 qua
1412 308 1557 343 persona
1593 301 1664 345 ipsa
1701 302 1753 333 cui
1790 303 2033 346 preposituram

153 358 294 393 eandem
330 357 519 404 Episcopus
553 358 610 392 vel
644 357 762 392 Ahbas
798 357 938 404 predicti
973 357 1173 392 contulerint
1208 362 1241 391 ut
1275 361 1472 404 premittitur
1513 359 1672 397 obtineat.
1709 360 1827 395 debitis
1863 362 2034 410 ohsequiis

152 430 220 455 non
248 419 454 454 fraudentur.
485 424 518 453 et
545 422 729 454 animarum
758 430 838 453 cura
863 421 891 454 si
913 430 978 465 qua
1000 422 1049 454 eis
1070 419 1126 454 vel
1149 419 1248 454 alicui
1270 430 1386 454 eorum
1413 423 1593 459 immineat.
1618 422 1805 458 nullatenus
1829 424 2034 469 negligatur.

153 481 286 528 plenam
316 486 349 515 et
384 481 522 515 liberam
564 480 778 515 concedimus
822 485 939 515 tenore
981 483 1186 528 presentium
1227 481 1431 516 facultatem.
1474 481 1597 516 Datum
1641 484 1812 519 Avinione
1849 485 1920 520 llll.
1959 486 2031 521 Kal.

151 542 244 585 Maii,
274 543 375 577 Anno
406 544 548 577 (ictam.

469 622 523 658 (Ex
548 622 721 657 autographo
747 623 868 656 Regesto
893 623 1042 650 Clementis
1067 632 1142 659 papae
1167 623 1199 650 V.
1226 623 1287 650 anni
1312 623 1381 651 vtll.
1409 623 1488 659 epist.
1517 622 1587 652 273.
1615 634 1640 660 p.
1665 625 1713 653 91.
1735 627 1760 653 in
1781 628 1929 655 Taliulariis
1954 628 2035 655 Vati-

572 674 646 702 canis
671 675 789 711 copiavit
814 676 859 703 Dr.
885 676 913 703 B.
940 676 1051 712 Dudum

1040 772 1144 807 LXX.

326 834 466 889 Frater
492 855 704 893 Bertholdus.
735 856 840 891 dictus
869 856 909 890 de
938 856 1156 903 Henneherg,
1186 857 1378 905 Pra’ceptor
1406 858 1580 893 domorum
1610 859 1783 906 hospitalis
1813 860 1848 894 S.
1869 861 2035 897 Joliaunis

150 915 364 952 Hierosolim.
394 928 455 963 per
482 917 691 955 Bohemiam.
721 917 906 955 Poloniam.
935 917 1123 953 Moraviam
1152 924 1185 954 et
1212 919 1396 964 Austriam,
1432 921 1547 955 vendit
1582 921 1753 957 Priorissae
1789 927 1822 957 et
1855 923 2027 958 sororibus

151 978 191 1013 de
220 978 337 1024 regula
367 978 403 1013 S.
433 977 615 1024 Augustini
645 979 686 1013 ad
715 979 750 1014 S.
781 979 916 1014 Annam
945 980 1064 1026 Pragae
1093 980 1294 1027 degentibus
1322 985 1448 1016 curiam
1477 994 1552 1017 cum
1576 985 1852 1030 jurepatronatus
1881 985 2034 1020 ecclesiae

151 1039 186 1075 S.
217 1039 384 1074 Laurentii
427 1040 512 1075 infra
554 1052 667 1075 muros
696 1044 842 1076 civitatis
884 1041 1066 1088 Pragensis
1107 1054 1168 1089 pro
1198 1042 1326 1078 CXXX
1368 1048 1552 1091 sexagenis
1581 1057 1791 1091 grossorum.
1834 1045 1887 1080 Dt.
1918 1046 2036 1092 Pragze

148 1100 222 1137 VH.
253 1101 329 1137 Idus
356 1101 448 1148 Maji.
482 1102 593 1137 1313.

465 1182 668 1219 (Schwandner
691 1183 717 1210 in
743 1183 869 1218 Regestis
894 1184 958 1212 Ord.
982 1185 1010 1211 S.
1035 1185 1168 1212 Johannis
1193 1186 1366 1213 Hierosolim.
1394 1187 1442 1214 Ms.
1468 1186 1580 1214 Viennae
1605 1196 1618 1214 e
1643 1189 1819 1215 Transsumto
1844 1188 1869 1215 in
1886 1189 1949 1216 Tab.
1970 1189 2035 1224 Cap.

570 1236 644 1264 Eccl.
670 1237 785 1271 ltietrop.
811 1237 940 1271 Pragens.
966 1237 991 1264 in
1017 1237 1157 1273 diplomat.
1183 1239 1215 1266 M.
1241 1239 1268 1266 P.
1293 1239 1454 1275 Boliemiae.)

1034 1333 1155 1369 LXXI.

151 1397 364 1432 Reimuntlus
393 1399 434 1433 (Ie
470 1398 701 1445 Liclclenbmy
735 1400 850 1435 elocat
881 1400 997 1434 re'llam
1035 1401 1285 1447 Hylboltsdorf
1305 1402 1442 1437 Jacob«)
1472 1407 1506 1437 el.
1537 1404 1708 1449 Ralmjro.
1735 1405 1820 1449 filiis
1863 1405 2035 1450 quondam

670 1462 833 1514 Rafnql’ri.
866 1462 926 1496 Dt.
957 1462 1095 1509 Prayoe,
1126 1463 1237 1498 Nonis
1264 1464 1372 1509 Junii.
1404 1464 1517 1499 1313.

326 1538 418 1592 Nos
447 1558 642 1594 Remundus
671 1559 711 1593 de
740 1559 1006 1594 Luelitenhurcli.
1037 1560 1304 1596 Notumfacimus
1334 1565 1501 1597 vniuersis
1533 1568 1706 1609 presentes
1740 1564 1866 1598 litteras
1896 1567 2037 1610 inspec—

151 1622 245 1663 turis.
282 1618 379 1661 Quod
414 1631 476 1654 nos
511 1620 623 1654 villam
665 1626 814 1656 nostram
855 1621 1103 1667 Hylboltisdorf
1141 1623 1261 1657 dictam
1295 1624 1482 1669 vulgariter
1517 1636 1591 1658 cum
1633 1625 1788 1659 omnibus
1827 1630 1857 1658 ct
1894 1625 2035 1670 singulis

151 1681 369 1727 prouentibus
411 1682 604 1716 Vtilitatibus
646 1687 679 1717 et
706 1686 923 1729 pertinenciis
965 1684 1007 1718 ad
1034 1687 1141 1731 ipsam
1184 1686 1298 1719 villam
1339 1686 1568 1732 spectantibus
1609 1686 1739 1721 Jacoho
1782 1691 1814 1720 et
1849 1686 2035 1725 Rathmiro„

152 1742 225 1778 liliis
254 1743 421 1789 quondam
452 1743 624 1778 Rathmiri.
655 1756 715 1790 pro
736 1748 891 1779 trecentis
921 1749 1044 1781 marcis
1074 1758 1286 1792 grossorum,
1315 1747 1480 1782 LXllllvr.
1498 1759 1638 1793 grossos
1668 1760 1728 1794 pro
1758 1759 1871 1782 marca
1901 1760 2036 1795 conpu-

152 1804 253 1840 tando
282 1804 439 1851 qualibet,
470 1808 501 1839 in
531 1805 649 1852 quilius
685 1809 734 1840 eis
771 1810 875 1841 teneri
911 1807 1126 1846 dinoscimur.
1163 1809 1291 1843 damus.
1328 1809 1487 1843 tradimus
1523 1814 1555 1843 et
1590 1813 1808 1855 assignamus
1844 1810 2034 1850 tenendam,

152 1865 340 1901 hahendam
369 1871 401 1901 et
429 1867 677 1913 possidendam,
707 1879 768 1914 per
796 1879 867 1911 eos,
898 1880 916 1902 a
945 1868 1032 1904 sesto
1062 1869 1304 1904 Penthecostcs
1341 1882 1428 1905 nunc
1462 1874 1632 1917 preterito,
1668 1883 1776 1918 vsque
1814 1872 1856 1906 ad
1893 1877 2037 1918 quatuor

152 1939 315 1963 annorum
345 1932 493 1975 spacium
531 1932 688 1963 continue
723 1929 980 1973 uolucndorum,
1018 1930 1064 1965 lta
1100 1931 1188 1976 quod
1224 1935 1251 1967 si
1287 1932 1372 1966 infra
1408 1932 1592 1979 predictum
1635 1934 1891 1979 quadriennium
1926 1937 2033 1981 ipsam

151 1990 264 2024 villam
292 2002 359 2025 non
388 1991 631 2033 redimerimus.
662 2003 721 2037 pro
750 1995 891 2038 pecunia
924 1997 1118 2026 memorata.
1149 2005 1192 2027 cx
1229 1998 1306 2027 tunc
1341 1994 1521 2029 inmediate,
1564 1995 1679 2042 elapso
1709 1995 1859 2042 predicto
1895 1996 2036 2042 quadri-

152 2055 264 2096 ennio,
293 2055 477 2099 prescripta
507 2053 584 2087 villa
615 2065 689 2087 cuni
718 2056 786 2087 suis
815 2054 968 2088 omnibus
998 2054 1227 2100 prouentibus.
1260 2055 1450 2091 Vtilitatibus
1481 2062 1513 2091 et
1541 2060 1769 2104 pertinenciis.
1800 2057 1839 2091 ad
1869 2058 2034 2092 jacobum

153 2118 185 2148 et
212 2114 419 2149 Rathmirum
448 2114 608 2161 prefatos.
637 2115 718 2150 Jure
747 2115 949 2150 hereditario
978 2116 1109 2151 deuolui
1146 2117 1255 2154 delict.
1292 2120 1340 2152 sic
1369 2118 1469 2163 quod.
1506 2118 1546 2153 de
1580 2122 1652 2165 ipsa
1688 2124 1721 2153 et
1749 2131 1824 2153 cum
1854 2122 1926 2166 ipsa
1957 2120 2033 2153 villa

152 2179 185 2210 et
212 2179 281 2210 suis
308 2179 524 2223 pertinenciis
554 2180 734 2212 vainei-sis.
765 2182 931 2223 tamquam
962 2178 1002 2212 dc
1033 2190 1068 2213 re
1098 2182 1243 2225 propria.
1274 2179 1386 2215 facere
1416 2185 1569 2227 poterunt
1598 2181 1769 2224 decetero.
1800 2181 1954 2227 quicquid
1986 2185 2034 2216 cis

152 2236 317 2272 videbitur
358 2238 530 2285 expedire.
573 2239 748 2274 Adicimus
777 2242 884 2273 eciam
928 2244 960 2274 et
988 2240 1154 2275 volumus.
1198 2244 1224 2275 si
1253 2241 1401 2276 Jacohus
1443 2246 1475 2277 et
1502 2242 1696 2277 Ratlnnirns
1739 2243 1856 2289 prelati
1901 2246 1931 2277 in
1963 2246 2033 2289 ipsa

151 2298 230 2333 villa
258 2299 324 2333 vlla
367 2299 496 2335 edificia
538 2301 735 2344 locauerint.
772 2313 831 2336 scu
867 2301 1129 2339 mcliorauerinl.
1166 2302 1251 2337 infra
1289 2304 1544 2349 quadriennium
1581 2305 1819 2351 supradictum.
1858 2305 1945 2350 quod
1982 2308 2031 2339 eis

153 2371 194 2395 ea
223 2360 392 2396 soluemus
420 2365 452 2395 in
482 2365 721 2408 resignacionc
751 2366 853 2409 ipsius
884 2363 972 2397 ville.
1004 2366 1094 2397 iuxta
1126 2367 1339 2399 taxacionem
1369 2366 1548 2412 proborum
1578 2370 1728 2400 virorum
1759 2370 1785 2401 si
1815 2378 1889 2401 eam
1919 2366 2034 2400 ‹luxe-

153 2425 256 2456 rimus
299 2423 553 2468 exsoluendam,
596 2424 632 2458 In
676 2428 769 2459 cuius
811 2427 859 2459 rci
902 2428 1125 2459 testimonium
1170 2431 1343 2472 presentes
1385 2431 1434 2462 cis
1476 2428 1592 2462 damus
1636 2428 1759 2462 litteras
1801 2428 1898 2471 sigilli
1929 2430 2032 2462 nostri

152 2486 361 2531 appensione
409 2488 563 2531 munitas„
613 2486 733 2521 Datum
782 2487 891 2532 Pragc
940 2487 1041 2520 Anno
1091 2487 1214 2522 domini
1259 2488 1448 2524 Millesiino.
1499 2490 1767 2531 'l‘rccentcsinun
1818 2489 2033 2530 'l'redeciinm

151 2543 268 2580 Nonas
297 2545 398 2591 Junij.

467 2628 519 2660 (Ex
546 2628 671 2663 originali
697 2638 754 2656 cum
779 2629 872 2665 sigillo
897 2638 982 2664 parvo
1006 2629 1031 2656 in
1057 2630 1168 2657 archivo
1193 2630 1310 2658 cii'itatis
1336 2632 1498 2667 lglaviensis
1524 2633 1612 2659 deser.
1639 2632 1670 2658 A.
1698 2631 1828 2665 Boczek.)

1787 2770 1822 2800 τι
