2325 2941
1218 160 1265 193 60

307 278 508 325 temporibus
549 280 791 322 representem.
829 274 919 316 Quas
949 286 1022 308 cum
1051 274 1178 308 eisdem
1207 277 1384 319 assignare
1418 275 1640 319 neglexerint.
1678 287 1736 309 seu
1770 276 2022 320 retardauerint‚
2053 277 2172 322 Burg-

306 342 417 373 rauius
447 342 559 373 noster
588 336 830 375 Olomucensis,
861 339 915 381 qui
943 347 1003 381 pro
1033 340 1181 381 tempore
1210 335 1318 373 suerit,
1348 335 1485 369 eosdem
1515 336 1614 370 Ciues
1643 341 1774 371 nostros
1803 340 1835 371 in
1864 337 1960 372 bonis
1983 341 2052 373 suis
2075 338 2163 372 licite

306 401 432 446 absque
474 402 587 432 nostra
629 397 755 432 oll'ensa
797 400 1024 443 impignorare
1065 399 1183 442 poterit
1225 408 1325 442 super
1353 408 1405 430 eo.
1449 396 1484 430 In
1527 401 1619 431 cuius
1661 401 1709 432 rei
1745 401 1966 432 testinnonium
1994 404 2170 445 presentes

307 462 417 494 literas
446 459 528 502 fieri,
558 463 590 493 et
618 458 735 504 sigillis
771 461 952 492 maiestatis
988 462 1102 492 nostre
1137 460 1290 492 iussimus
1325 461 1531 492 communiri.
1567 458 1687 492 Datum
1721 459 1856 493 Brunne
1889 459 1960 494 1111.
1996 460 2165 494 Kalendas

304 521 431 555 Marcii.
463 520 564 554 Anno
605 520 738 554 Domini
780 519 955 554 Millesimo
999 519 1249 553 Trecentesimo
1293 518 1413 560 Quinto
1442 518 1593 563 Decimo,
1637 520 1831 565 Regnorum
1864 531 1948 555 vero
1976 526 2165 556 nostrorum

306 583 405 616 Anno
436 582 570 623 Quinto.

616 661 668 694 (Ex
694 660 768 695 Orig.
794 661 839 690 (Μ.
865 661 884 686 1.
912 660 997 691 505.)
1023 659 1142 693 ejusdem
1167 659 1283 686 civitatis
1308 668 1365 686 cum
1390 660 1482 694 sigillo
1507 660 1614 695 integro
1638 661 1780 696 descripsit
1809 662 1840 688 A.
1866 661 1997 695 Boczek.)

1136 772 1338 806 LXXXVII.

303 840 491 883 lohannes,
528 839 702 874 Boleetm'ae
731 838 970 881 reoe,‘le·be1·at
999 838 1158 872 abbatem
1193 842 1227 872 et
1261 842 1459 873 concentum
1493 842 1696 874 monasterii
1729 841 1768 874 de
1804 840 1887 884 Sor,
1917 841 1990 875 ord.
2023 840 2169 875 cisterc.

304 905 516 946 eceterosqne
557 901 709 935 homines
752 902 783 934 in
821 899 1098 945 possessionibus
1133 912 1247 934 eorum
1287 904 1537 934 commorantes
1579 913 1601 935 (ι
1637 905 1815 946 potestate
1856 905 1891 936 et
1924 902 2170 946 J'etrz‘sdi'etc'one

408 962 703 1007 beneficiariormn
743 966 776 995 el
796 962 949 1006 judicum
981 961 1256 1006 provincialium.
1292 961 1352 996 Dt.
1384 961 1513 996 Bremoe
1541 962 1589 996 ΙΙ.
1619 962 1765 996 Kalend.
1796 963 1920 997 Martii
1948 962 2061 997 1315.

476 1047 680 1102 tlolmnnes
710 1067 760 1101 dei
790 1070 904 1108 gracia
934 1066 1072 1100 Boemie
1101 1071 1133 1100 et
1161 1066 1298 1101 Polonie
1326 1067 1413 1111 Rex,
1444 1079 1482 1101 ac
1512 1067 1804 1113 Lucenburgensis
1833 1068 1966 1102 Comes.
2011 1067 2171 1103 Omnibus

304 1132 335 1163 in
364 1134 570 1175 perpetuum.
602 1128 671 1163 Sub
699 1132 814 1173 rigore
843 1128 1016 1173 religionis
1046 1130 1264 1174 omnipotenti
1293 1128 1426 1162 domino
1455 1128 1689 1163 famulantibus
1718 1129 1889 1163 liberalem
1917 1132 2020 1163 nostri
2044 1129 2170 1164 fauoris

304 1193 453 1235 graciam
482 1190 624 1224 libenter
665 1190 896 1236 impendimus.
939 1194 974 1223 vt
1015 1201 1056 1224 eo
1086 1189 1292 1224 commodius
1336 1190 1538 1237 liberiusque
1580 1191 1698 1225 diuinis
1741 1194 1893 1225 insistant
1921 1190 2074 1227 cultibus.
2105 1201 2170 1237 quo

304 1251 444 1297 amplius
480 1263 497 1285 a
528 1252 726 1287 secularium
767 1251 920 1285 ,Indicum
962 1254 1154 1285 vexacione
1197 1252 1363 1298 multiplici
1406 1252 1527 1286 suerint
1561 1252 1655 1286 liberi
1696 1257 1729 1286 et
1756 1252 1863 1287 soluti.
1909 1252 2169 1287 Considerantes

303 1316 424 1346 etenim
455 1316 599 1359 ipsorum
622 1312 819 1347 famulorum
843 1313 894 1347 dei
917 1312 1139 1347 columbinam
1162 1313 1415 1359 simplicitatem.
1438 1325 1498 1360 per
1526 1314 1742 1359 quorumdam
1771 1313 1969 1347 secularium
1999 1313 2169 1347 hominum

302 1374 471 1420 volpinam
501 1377 662 1408 astuciam
691 1377 723 1408 in
752 1373 1118 1420 negociisquibuslibet
1146 1379 1243 1421 atque
1272 1377 1382 1409 causis
1411 1378 1523 1421 sepius
1552 1375 1772 1421 multipliciter
1795 1374 1997 1419 defraudari,
2022 1377 2169 1421 ipsorum

303 1435 499 1481 simplicitati
529 1447 727 1469 succurrere
757 1439 874 1469 iustum
903 1439 991 1482 pium
1021 1441 1053 1470 et
1080 1439 1308 1471 necessarium
1337 1436 1554 1470 iudicauimus
1584 1448 1628 1470 ex
1654 1439 1903 1482 preeininencia
1926 1436 2036 1481 Regie
2056 1435 2172 1470 Maie-

303 1499 406 1532 statis.
437 1496 536 1530 Yiros
566 1499 665 1542 igitur
693 1497 883 1542 Religiosos
914 1525 920 1531 .
953 1525 959 1531 .
990 1497 1157 1531 Abbatein
1186 1502 1218 1531 et
1247 1498 1457 1532 Couventum
1484 1496 1678 1543 Monasterij
1702 1498 1741 1531 de
1771 1497 1843 1531 Sar
1873 1496 2006 1532 Ordinis
2027 1496 2172 1544 Cyster-

302 1560 425 1591 ciensis
454 1569 585 1591 necnon
615 1557 765 1592 homines
795 1563 1039 1593 commorantes
1076 1562 1106 1593 in
1136 1558 1406 1606 possessionibus
1443 1561 1600 1605 ipsorum,
1631 1571 1648 1593 a
1678 1564 1841 1605 potestate
1870 1564 1904 1593 et
1932 1558 2165 1593 iurisdiccione

305 1618 591 1652 beneficiariorum
621 1624 807 1653 nostrorum
837 1624 869 1653 et
896 1619 1047 1654 Judicum
1077 1624 1141 1654 tam
1177 1620 1434 1654 Prouincialium
1477 1631 1574 1665 quain
1611 1623 1718 1655 eciam
1752 1623 1921 1655 ciuitatum
1949 1619 2169 1666 quarumlibet

304 1685 396 1725 regni
426 1684 528 1715 nostri
572 1693 613 1715 ex
644 1686 710 1715 toto
740 1684 917 1715 eximimus
946 1686 978 1715 et
1007 1681 1209 1715 absoluimus
1239 1682 1350 1715 diuine
1379 1681 1613 1716 retribucionis
1643 1685 1757 1716 intuitu
1792 1682 1832 1716 de
1866 1684 1981 1727 gracia
2018 1681 2166 1728 speciali.

304 1742 348 1775 lta
391 1747 424 1776 ut
453 1754 515 1776 uec
543 1743 695 1777 Iit-meam
739 1754 801 1776 nec
831 1743 911 1776 alias
955 1742 994 1776 ad
1024 1753 1221 1788 quecunque
1264 1743 1382 1777 iudicia
1425 1754 1485 1789 pro
1527 1746 1637 1778 causis
1679 1748 1733 1777 aut
1768 1743 1872 1789 culpis
1913 1743 2167 1789 quibuscunque

304 1803 443 1837 debeant
474 1804 626 1837 ammodo
656 1807 803 1837 euocari.
835 1804 903 1838 Sed
939 1816 1055 1838 omncs
1088 1804 1184 1850 culpe
1213 1807 1284 1839 siue
1313 1816 1414 1839 cause
1444 1816 1547 1851 parue
1577 1809 1631 1838 aut
1659 1815 1780 1849 magne
1808 1815 2006 1850 quocunque
2035 1807 2170 1838 nomine

304 1869 515 1901 censeantur.
559 1877 640 1910 quas
682 1869 870 1911 quicunque
913 1865 1080 1899 hominum
1122 1870 1237 1900 contra
1280 1866 1447 1912 predictos
1489 1869 1580 1901 viros
1624 1865 1814 1911 Religiosos
1853 1894 1860 1900 .
1893 1894 1899 1899 .
1930 1862 2097 1900 Abbatem
2139 1870 2172 1899 et

306 1925 510 1959 Conuentmn
554 1926 739 1960 ssu-ensem
782 1932 813 1961 et
848 1930 993 1973 ipsorum
1039 1926 1189 1961 liomines
1231 1928 1431 1974 pretendere
1472 1930 1615 1974 poterint
1644 1932 1698 1961 aut
1738 1928 1907 1961 voluerint
1948 1929 1978 1961 in
2023 1929 2171 1973 ipsorum

306 1986 572 2032 possessionibus
613 1999 671 2033 per
709 1987 845 2022 Judices
887 1993 919 2022 et
960 1989 1094 2023 Juratos
1136 1988 1176 2022 ab
1219 1988 1353 2023 Abbate
1395 1993 1426 2023 et
1455 1988 1629 2023 Conuentu
1664 1988 1842 2035 sepedictis
1882 1990 2079 2022 constitutos
2115 1987 2170 2021 vel

305 2047 553 2081 constituendos
595 2051 806 2094 imposterum
851 2050 1046 2084 iudicentur.
1090 2049 1251 2084 Volumus
1299 2053 1407 2084 eciam
1450 2054 1481 2084 et
1522 2050 1717 2084 mandamus
1758 2054 1789 2084 et
1830 2049 2009 2094 singularis
2050 2052 2167 2094 gracie

305 2108 479 2155 priuilegio
508 2108 728 2153 indulgemus.
759 2115 793 2144 vt
823 2138 829 2144 .
856 2139 862 2144 .
892 2111 1010 2145 Abbas
1039 2111 1158 2145 fratres
1186 2116 1218 2145 et
1246 2111 1396 2145 homines
1419 2110 1613 2156 Monasterij
1644 2111 1803 2157 sepedicti
1832 2113 1864 2144 in
1894 2110 2100 2148 Ciuitatibus,
2135 2113 2168 2144 in

303 2170 387 2203 villis
417 2174 472 2203 aut
500 2172 529 2203 in
560 2169 642 2203 locis
670 2170 859 2205 forensibus
889 2172 1140 2218 quibuscunque
1172 2184 1238 2207 non
1273 2172 1417 2207 debeant
1445 2176 1614 2217 arrestari,
1651 2172 1803 2209 detineri,
1834 2174 2060 2218 impignorari‚
2090 2174 2165 2218 capi

301 2231 354 2264 vel
384 2230 630 2276 quonmdolibet
660 2231 789 2275 fatigari
824 2244 883 2278 pro
919 2233 1036 2267 debitis
1073 2233 1253 2272 dumtaxat,
1290 2237 1353 2268 nisi
1382 2234 1467 2269 forte
1496 2237 1622 2268 iusticia
1657 2233 1697 2266 ab
1727 2232 1846 2267 abbate
1882 2232 2013 2277 eodem,
2057 2237 2112 2267 aut
2141 2244 2159 2266 a

301 2295 369 2326 suis
397 2292 568 2326 Judicibus
604 2296 845 2326 comwnienter
873 2297 1029 2338 requisita
1060 2294 1156 2328 fuerit
1185 2300 1379 2340 etnegata.
1423 2294 1619 2330 Huiusmodi
1648 2298 1757 2327 autem
1787 2297 2028 2340 exempcionis‚
2058 2293 2166 2328 abso-

302 2354 441 2387 luciouis
473 2358 504 2387 et
546 2353 704 2387 libertatis
746 2357 894 2394 graciam
938 2355 1062 2389 liabere
1104 2357 1256 2390 volumus
1300 2356 1400 2390 robur
1437 2360 1593 2402 perpetue
1631 2355 1802 2393 firmitatis,
1846 2355 1920 2390 Non
1962 2355 2168 2390 obstantibus

301 2417 443 2461 scriptis.
472 2414 618 2449 Juribus.
637 2415 823 2454 l’riuilegiis
852 2420 906 2449 aut
935 2417 1229 2451 consuetudinibus
1258 2418 1522 2462 quibuscunque,
1548 2428 1606 2462 per
1634 2417 1766 2461 quevo-l
1797 2429 1855 2462 per
1883 2429 1966 2462 qaas
1982 2416 2170 2451 huiusmodi

302 2479 415 2519 gracia
440 2476 550 2509 valeat
566 2476 813 2521 quomodolibet
843 2476 1004 2522 impediri.
1027 2477 1230 2512 libertatibus
1260 2478 1492 2512 nichilominus
1521 2482 1553 2511 et
1581 2478 1764 2523 priuilegiis
1793 2478 1972 2524 sepedictis
2001 2478 2168 2524 religiosis

305 2538 394 2570 viris.
426 2548 443 2570 a
473 2537 547 2571 diue
589 2540 749 2571 memorie
779 2540 898 2571 nostris
947 2537 1243 2573 Predecessoribus
1273 2538 1423 2584 Regibus
1460 2538 1596 2572 Bocinie
1638 2542 1821 2579 concessis,
1866 2543 1897 2573 in
1939 2551 1999 2575 sua
2027 2550 2167 2586 perma—

303 2596 454 2631 nentibus
483 2598 646 2632 firmitate.
683 2598 880 2632 Mandamus
911 2601 1010 2641 igitur
1045 2602 1210 2634 vniuersis
1244 2599 1416 2634 Judicibus
1445 2604 1477 2633 et
1512 2599 1740 2645 Bencliciarijs
1773 2600 1924 2634 Morauie
1966 2605 1999 2635 et
2027 2600 2165 2634 Boemie

303 2661 366 2690 tam
398 2659 616 2703 presentibus,
642 2671 739 2704 quam
769 2658 896 2702 futuris,
914 2660 1086 2700 Quatenus
1119 2661 1225 2695 nullus
1253 2671 1368 2695 eorum
1397 2660 1586 2706 scpcdictos
1616 2689 1622 2694 .
1655 2689 1661 2695 .
1694 2661 1856 2695 Ablmtcm
1887 2673 1926 2695 ac
1956 2661 2171 2697 Conuentum
