2341 3005
1054 148 1125 183 351

152 277 251 312 quam
292 265 477 300 futurorum
519 270 714 313 perpetuam
744 267 792 299 rei
821 267 1017 299 memoriam
1052 264 1207 299 volumus
1237 266 1427 310 peruenire,
1464 262 1560 305 Quod
1590 266 1622 297 in
1651 263 1705 297 die
1734 265 1914 297 natiuitatis
1943 263 2031 298 beati

151 327 316 362 Johannis
346 327 494 374 Baptiste
521 326 647 373 Magne
676 326 893 361 Excellencie
922 338 962 360 ac
991 326 1189 360 Serenitatis
1219 325 1354 359 lllnstris
1382 324 1534 359 Matrona
1563 325 1706 359 Domina
1736 324 1887 359 Elizahet
1916 335 2032 370 quon-

153 388 229 423 dam
270 388 403 434 Regina
440 388 601 423 Bohemie
629 391 683 435 pia
711 388 908 422 Intencione
937 386 1000 422 sibi
1029 399 1047 421 a
1076 386 1173 421 nohis
1202 398 1305 421 vnum
1334 386 1375 420 de
1405 386 1609 432 Corporibus
1639 386 1839 420 Sanctarum
1875 386 2031 420 vndeciin

152 449 280 485 Milium
320 453 489 495 virginum
525 453 558 484 in
594 450 746 484 Ecclesia
776 448 970 484 earumdem
997 447 1171 483 beatarum
1201 450 1370 493 virginum
1400 447 1592 482 Coloniensi
1626 450 1796 494 inpetrari,
1825 452 1861 482 vt
1890 450 1923 482 111
1950 447 2033 482 Mo-

152 515 300 547 nasterio
343 516 535 558 nuncupato
578 511 665 546 Aula
701 515 816 545 sancte
858 510 965 544 Mario
1006 513 1039 544 in
1067 510 1225 557 preurbio
1267 509 1469 553 Brnnnensh
1513 508 1554 543 ab
1584 509 1701 543 eadem
1736 509 1870 544 domina
1898 509 2033 555 Regina

152 573 304 608 fundato.
335 585 395 620 per
423 572 640 607 Abbatissam
670 577 702 607 et
731 572 942 606 Conuentum
971 571 1120 606 eiusdem
1148 570 1345 616 Monasterij
1378 570 1584 616 Ceterosque
1614 573 1793 604 vninersos
1823 575 1853 605 et
1883 571 2034 616 singulos

152 635 195 670 ad
229 634 416 669 huiusmodi
457 637 683 668 sanctuarinm
717 634 936 668 deuoeionem
971 632 1133 667 habentes
1169 637 1200 666 et
1236 632 1406 667 habituros
1448 636 1561 679 posset
1602 632 1753 666 laudibus
1789 637 1820 666 et
1849 632 2032 667 honoribus

152 695 329 738 salubriter
357 698 516 730 venerari
545 695 724 742 postulauit
753 698 938 729 instancius
968 699 1000 728 et
1028 697 1211 740 requisiuit.
1254 693 1353 728 Vnde
1381 693 1453 728 Nos
1483 693 1614 741 prefate
1643 693 1776 728 domine
1807 695 1937 740 Regine
1967 698 2033 741 pie,

153 758 344 802 deuocioni,
379 768 477 803 quam
515 757 556 791 ad
600 759 705 804 ipsum
743 759 969 791 sanctuarinm
1010 767 1084 790 03111
1126 755 1252 790 habere
1280 758 1501 802 cognouiinns
1540 767 1613 790 cum
1648 755 1779 790 decenti
1808 755 2034 791 Inclinaeione

153 824 311 866 parentes
341 821 548 853 accessimus
577 818 618 852 ad
635 846 643 852 .
663 846 670 852 .
700 817 915 852 venerabiles
945 818 1146 852 dominas..
1178 817 1396 852 Abbatissam
1425 822 1649 864 totumque..
1681 817 1868 864 Capitulum
1907 818 2034 864 prefate

153 880 307 916 Ecclesie
342 884 534 915 sanctarum
567 879 723 914 vndeciin
756 879 882 914 Milium
916 882 1085 925 virginum
1122 878 1251 925 Corpus
1293 890 1395 913 vnum
1430 882 1596 924 integrum
1639 878 1679 913 de
1719 882 1843 913 sanetis
1878 879 2035 914 vndecim

153 941 278 976 milium
321 941 528 987 virginibus‚
572 944 626 987 qui
670 952 849 988 corporum
892 952 1027 976 suorum
1070 943 1283 975 innocentem
1327 939 1368 975 oh
1413 943 1645 975 reuereneiam
1689 940 1811 975 Christi
1855 944 2033 988 passionis,

153 1006 354 1050 sanguinem
396 1002 605 1037 effunderunt
647 1005 850 1049 optinuimus
879 1004 1003 1037 nostris
1031 1002 1230 1036 instantibus
1258 1001 1415 1048 precihus
1445 1006 1476 1037 et
1505 1002 1612 1036 eidem
1642 1002 1775 1036 domine
1808 1003 1942 1049 Regine
1970 1014 2036 1037 cu—

153 1067 302 1100 rauimus
336 1067 527 1111 impetrare.
571 1064 745 1109 Rogantes
781 1067 883 1110 igitur
919 1064 1042 1098 dictum
1077 1064 1328 1107 Sanctum-ium,
1371 1075 1446 1097 01113
1483 1075 1601 1098 vernn]
1641 1069 1670 1098 et
1701 1069 1827 1098 certum
1863 1068 1902 1098 sit
1932 1076 2034 1098 vnum

153 1136 278 1173 corpus
307 1125 348 1160 de
376 1126 559 1161 earundem
589 1130 780 1160 sanctarum
808 1125 964 1160 vndecim
990 1125 1116 1160 milium
1158 1128 1345 1170 virginum,
1382 1124 1423 1159 ab
1451 1128 1621 1159 vninersis
1663 1130 1695 1160 et
1730 1126 1871 1171 singulis
1915 1126 2036 1160 Christi

153 1187 306 1223 fidelibus
347 1187 559 1235 presentibus
595 1192 627 1222 et
664 1187 792 1231 13111115,
829 1187 947 1233 quibus
981 1190 1051 1221 vita
1080 1191 1112 1221 et
1146 1190 1259 1233 passio
1294 1197 1409 1221 earnm
1445 1186 1662 1221 saluberrima
1706 1190 1884 1221 innotuerit
1926 1188 2035 1233 dignis

154 1249 338 1284 honeribus
380 1251 510 1296 pijsqne
552 1248 704 1284 laudibus
734 1249 949 1283 deuotissime
978 1251 1146 1282 venerari.
1187 1248 1223 1282 ln
1251 1251 1345 1283 euius
1374 1251 1422 1282 rei
1450 1253 1646 1295 perpetuam
1682 1252 1876 1283 memoriam
1906 1248 2035 1295 prefate

154 1311 288 1356 Regiae
330 1310 391 1346 has
419 1316 552 1346 nostras
581 1311 695 1345 literas
726 1315 838 1345 nostre
867 1310 1017 1345 Ciuitatis
1048 1309 1258 1344 Coloniensis
1287 1310 1386 1355 sigilli
1420 1313 1627 1356 appensione
1656 1310 1850 1345 tradidimus
1879 1322 2036 1345 commu-

154 1376 252 1407 nitas.
297 1373 418 1407 Datum
455 1372 593 1407 Colonie
629 1375 660 1406 in
697 1372 749 1406 die
782 1371 858 1406 festi
888 1374 1068 1406 natiuitatis
1099 1371 1187 1406 beati
1215 1371 1381 1406 ι1011113315
1410 1370 1553 1418 baptiste
1581 1372 1741 1418 1110111013,
1779 1372 1882 1406 Anno
1911 1372 2034 1407 domini

155 1433 334 1469 Millesimo
364 1433 618 1469 Trecentesimo
648 1434 834 1468 Tricesimo
864 1433 891 1468 'l’
895 1436 996 1468 ereio.

471 1522 561 1557 (Orig.
599 1523 744 1549 membran.
775 1531 832 1549 cuin
866 1522 960 1557 sigilio
991 1522 1086 1557 majori
1110 1526 1190 1557 rupto
1215 1522 1239 1549 in
1265 1522 1375 1549 archivo
1406 1522 1564 1549 monasterii
1593 1522 1661 1549 Aula
1688 1522 1716 1549 S.
1742 1522 1830 1549 Mariae
1855 1522 1924 1558 apud
1949 1524 1978 1550 C.
2004 1523 2033 1549 R.

568 1575 685 1602 Gubern.
711 1576 803 1602 Brunae
828 1575 877 1602 sub
903 1575 942 1602 lit.
968 1576 998 1602 D.
1024 1583 1049 1602 3.
1079 1574 1141 1606 19.)

1026 1688 1170 1723 CDLIX.

159 1769 353 1816 Capitulum
389 1769 548 1803 ecelesia?
579 1768 760 1803 soeeularz's
799 1767 953 1802 Colonioe
986 1768 1092 1802 donat
1129 1769 1258 1813 reyinoe
1286 1767 1504 1803 Elisabellcoe
1531 1780 1629 1802 enum
1658 1779 1784 1814 corpus
1812 1769 1853 1803 de
1883 1769 2034 1803 undecim

208 1830 357 1866 millibus
385 1834 586 1865 sanctarum
615 1832 793 1875 rirqz'mtm.
823 1829 953 1864 Datum
984 1829 1137 1864 Colone'ae
1165 1830 1220 1863 die
1248 1831 1443 1864 nativitatis
1472 1829 1502 1864 b.
1531 1829 1703 1864 ‚Iohannis
1731 1829 1837 1876 Bapt.
1870 1830 1981 1865 1333.

332 1898 378 1954 ln
409 1921 543 1953 nomine
571 1922 689 1952 sancte
719 1922 750 1951 et
778 1916 951 1951 Indiuidue
980 1916 1152 1951 Trinitatis
1180 1917 1303 1961 Amen,
1333 1916 1403 1952 Nos
1430 1917 1614 1952 Abbatissa
1644 1922 1813 1964 totumque
1850 1917 2037 1965 Capitulum

158 1980 331 2016 Secularis
373 1979 527 2015 Ecclesie
564 1980 763 2013 Sanctarum
806 1978 961 2013 vndecim
1002 1977 1127 2012 Milium
1171 1981 1338 2023 virginum
1375 1982 1407 2013 in
1443 1977 1582 2013 Colonia
1617 1979 1657 2013 ad
1690 1982 1928 2014 vniuersorum
1971 1984 2035 2013 tam

158 2031 373 2090 presencium
403 2053 500 2088 qnam
528 2041 712 2075 futurorum
742 2045 936 2088 perpetuam
967 2043 1015 2074 rei
1044 2043 1238 2074 memoriam
1268 2043 1420 2087 cupimus
1449 2043 1641 2087 peruenire,
1672 2040 1769 2082 Quod
1798 2052 1860 2075 nos
1890 2041 1929 2075 ad
1959 2041 2037 2074 lau—

159 2103 235 2139 dem
262 2107 295 2138 et
323 2103 485 2138 honorem
527 2102 578 2137 dei
615 2105 851 2149 omnipotentis
880 2112 919 2136 30
949 2100 1149 2136 Sanctorum
1179 2104 1251 2135 eius
1280 2106 1345 2135 tam
1373 2113 1511 2149 precum
1546 2105 1743 2136 instancium
1777 2102 1974 2149 prudentum
2005 2106 2035 2136 et

158 2164 378 2200 honestorum
419 2167 566 2199 virorum
609 2163 816 2198 dominorum
840 2191 847 2197 .
871 2191 878 2197 .
907 2162 1060 2197 Judicum
1083 2191 1090 2197 .
1116 2190 1122 2196 .
1154 2158 1377 2197 scabinorum
1401 2191 1407 2198 .
1432 2191 1439 2197 .
1471 2162 1662 2208 Consulum,
1697 2167 1868 2209 tociusque
1907 2162 2035 2197 Cinium

160 2225 372 2262 Coloniensis
386 2224 617 2271 Magistratus.
648 2236 744 2272 (13331
774 2228 827 2272 1110
856 2224 1063 2267 deuocionise
1093 2235 1190 2270 (13313
1222 2223 1444 2259 Serenissima
1474 2236 1513 2259 ac
1542 2224 1680 2259 lllustris
1707 2224 1863 2259 Matrona
1892 2223 2035 2259 Domina

159 2287 310 2323 Elizabet
345 2287 512 2334 quondam
554 2287 686 2333 Regina
723 2286 883 2320 Bohemie
912 2286 952 2320 ad
982 2285 1180 2320 Sanctuaria
1209 2290 1242 2320 et
1270 2286 1441 2332 Reliquias
1470 2286 1631 2321 dictarum
1661 2291 1851 2321 sanctarum
1880 2285 2035 2320 vndeciin

159 2349 283 2384 milium
326 2350 495 2394 virginum
523 2348 668 2383 feruenti
696 2351 801 2394 gessit
830 2350 955 2390 animo,
999 2346 1042 2381 ob
1077 2351 1266 2393 respectum
1304 2347 1433 2394 prefate
1462 2347 1595 2382 domine
1625 2348 1755 2393 Regine
1783 2358 1885 2381 vnum
1917 2358 2034 2381 verum

163 2409 332 2455 lntegrum
377 2409 507 2456 Corpus
542 2409 583 2444 de
625 2410 762 2456 prefatis
805 2413 996 2443 sanctarum
1030 2408 1186 2442 mdecim
1215 2408 1338 2443 milium
1380 2409 1569 2455 virginibus
1598 2410 1758 2443 decencia
1789 2419 1939 2453 congrua
1969 2408 2037 2442 do-

161 2473 315 2506 nauimus
350 2475 557 2514 reuerenter‚
602 2471 756 2517 precihus
792 2470 1043 2505 studiosissimis
1079 2469 1244 2504 humiliter
1285 2470 1521 2517 supplicantes,
1556 2475 1589 2504 vt
1619 2481 1736 2504 omnes
1765 2469 1877 2503 christi
1908 2469 2034 2513 fideles,

160 2534 215 2578 (131
245 2535 471 2567 sanctuarium
501 2537 532 2566 et
561 2533 717 2578 reliquias
747 2531 931 2566 huiusmodi
960 2542 1094 2565 exnunc
1124 2534 1155 2565 in
1185 2536 1282 2565 antea
1311 2534 1499 2578 receperint
1530 2536 1560 2565 et
1590 2533 1801 2565 visitaverint
1827 2530 2034 2573 infuturum,

162 2604 237 2627 cum
266 2592 392 2639 absque
421 2596 509 2627 omni
539 2593 638 2627 dubio
668 2597 708 2628 sit
737 2599 768 2628 et
798 2597 860 2628 sint
890 2593 930 2627 de
960 2604 1042 2627 vera
1071 2597 1103 2626 et
1131 2597 1222 2627 certa
1252 2596 1414 2628 societate
1444 2598 1508 2627 tam
1539 2593 1638 2637 digne
1667 2591 1882 2626 colendarum
1913 2603 2035 2626 sacra-

162 2665 234 2689 rum
263 2657 432 2700 virginum
462 2654 582 2700 dignis,
613 2658 783 2700 congruis3
814 2657 944 2702 pijsqne
972 2653 1125 2689 laudibus
1155 2658 1186 2688 et
1215 2653 1407 2699 honoribus,
1437 2657 1521 2689 sicut
1550 2657 1581 2688 in
1605 2653 1666 2688 hac
1689 2656 1822 2687 ciuitate
1840 2652 2034 2688 Coloniensi
