2357 3021
956 211 1004 212 ἶ
1078 156 1260 212 {Qec

175 275 416 309 maledictionis
444 278 591 318 aeternae,
620 273 768 308 similiter
809 272 996 307 inhibentes
1035 272 1175 318 singulis
1209 272 1458 306 Ecclesiasticis
1493 277 1525 306 et
1558 271 1781 307 Saecularibus
1815 272 1987 307 Judicibus
2016 277 2047 306 et

174 337 331 372 Personis
360 337 599 382 cujuscumque
627 335 839 370 conditionis.
869 346 911 369 ne
940 345 1003 369 vos
1030 334 1087 369 vel
1114 345 1278 381 personas
1306 338 1439 372 vestras
1469 339 1595 368 vexent
1624 334 1679 368 vel
1707 334 1894 369 molestent.
1925 334 1985 368 sed
2015 337 2047 368 in

175 398 302 434 eisdem
329 401 452 433 vestrts
480 397 611 432 Litteris
646 401 814 440 contenta,
849 401 921 430 rata
956 401 1158 431 conseruent
1192 401 1289 442 atque
1322 400 1429 441 grata.
1466 394 1563 437 Quod
1597 399 1624 430 si
1661 408 1758 430 secus
1796 396 1896 442 aliqui
1933 396 2047 430 facere

173 462 456 507 praesumpserint,
497 459 669 503 Civitates,
709 458 839 501 Castra,
873 458 972 493 villas
1004 463 1037 492 et
1070 457 1159 492 Loca
1199 469 1315 492 eorum
1349 457 1588 492 Ecclesiastico
1624 457 1817 501 subjicimus
1854 457 2046 492 Interdicts).

172 521 261 557 Nulli
296 532 379 568 ergo
408 524 543 556 omnino
572 520 741 555 hominum
770 520 869 555 liceat
897 520 984 554 hanc
1012 523 1170 567 paginam
1198 524 1319 553 nostrae
1349 522 1591 563 concessionis,
1622 518 1883 554 Constitutionis.
1920 520 2048 554 volun—

176 586 253 618 tatis
281 588 315 618 et
340 583 543 618 inhibitionis
573 581 770 628 infringere,
800 582 858 616 vel
886 585 916 616 ei
947 593 1031 616 ausu
1059 584 1235 616 temerario
1264 584 1443 616 contraire.
1473 581 1509 615 Si
1539 584 1611 627 quis
1642 585 1751 615 autem
1785 581 1848 616 hoc
1885 586 2048 616 attentare

175 649 436 693 praesumpserit,
464 644 735 690 Indignationem
762 644 825 678 Dei
856 643 1112 691 Omnipotentis,
1141 648 1173 678 et
1200 643 1379 677 Beatorum
1407 642 1495 677 Petri
1523 647 1555 677 et
1583 642 1674 676 Pauli
1702 643 1941 689 Apostolorum
1977 647 2049 678 eius

175 719 213 743 se
241 710 375 742 noverit
401 711 622 742 incursurum.
651 705 773 740 Datum
795 706 978 741 Avenione
1003 705 1132 740 Octavo
1157 705 1234 740 Idus
1257 704 1412 739 Octobris
1434 704 1648 739 pontificatus
1672 708 1775 739 nostri
1796 705 1896 739 Anno
1922 709 2047 752 quinto.

487 787 522 822 (E
548 786 626 822 copia
651 787 736 822 copia·
762 786 895 813 vidinuuae
919 786 943 813 in
969 786 1079 813 archivo
1105 785 1261 812 monasterii
1287 785 1459 812 Gradicensis
1485 785 1554 820 apud
1580 785 1608 812 C.
1636 785 1664 812 R.
1691 785 1807 812 Gubern.
1834 785 1951 815 Bruuae.»

1056 900 1168 935 XXX.

173 979 362 1023 Johmmes,
398 976 580 1024 episeopus
616 977 861 1012 Olomucensi&
893 978 1121 1022 recoquosce't,
1153 976 1244 1022 quod
1275 976 1391 1012 I‘Ve'tlm
1421 976 1461 1010 de
1491 968 1685 1017 Sembem'c.v
1730 978 1915 1022 creles-ique
1953 977 2044 1009 illius

173 1043 296 1087 aquali
320 1042 531 1076 monasterio
562 1039 789 1074 Zderasiensz·
806 1042 868 1085 J'ns
892 1042 1103 1084 patronatus
1133 1040 1165 1072 in
1196 1030 1380 1072 Seectbem'c
1409 1042 1663 1073 concesserunt.
1695 1038 1757 1072 Dt.
1789 1038 1917 1073 Brome
1947 1038 2046 1072 XIV.

831 1100 993 1144 *Kalend
1024 1100 1229 1136 Novembris
1258 1100 1370 1135 1309.

346 1189 395 1244 ln
429 1212 564 1243 nomine
598 1208 745 1243 Domini.
782 1208 905 1242 Amen.
949 1207 1001 1243 Ne
1035 1219 1149 1242 rerum
1182 1212 1353 1253 gestarum
1389 1211 1548 1242 memoria
1583 1220 1643 1255 per
1678 1208 1855 1243 decursum
1894 1211 2052 1254 temporis

173 1271 350 1318 deperiret,
381 1274 567 1318 sapientum
609 1270 791 1305 introduxit
833 1273 1024 1314 auctoritas,
1066 1274 1100 1305 et
1127 1270 1333 1304 consuetudo
1363 1270 1537 1304 laudabilis
1579 1270 1787 1317 appi-obauit.
1831 1275 1863 1304 ut
1893 1282 1944 1304 ea.
1989 1282 2053 1317 que

172 1337 333 1380 geruntur
360 1335 394 1367 in
422 1337 572 1379 tempore
601 1332 641 1366 ad
670 1337 785 1374 eterne
813 1335 863 1366 rei
890 1335 1087 1366 memoriam
1116 1335 1354 1379 scripturarum
1383 1335 1572 1367 testimonio
1596 1337 1833 1379 perennentur.
1865 1332 2054 1379 Eapropter

172 1394 242 1430 Nos
269 1395 448 1429 Jolzamzes
476 1394 540 1429 Dei
568 1397 683 1440 gracia
715 1390 950 1429 OlonmcensiS
987 1397 1167 1441 episcopus
1201 1399 1316 1428 notum
1351 1393 1491 1429 facimus
1527 1397 1694 1429 uniuersis
1729 1399 1904 1441 presentes
1941 1394 2053 1428 literas

174 1459 383 1504 inspecturis,
427 1456 513 1503 quod
554 1455 692 1491 Nobiles
735 1456 805 1490 Viri
855 1456 970 1493 Witlm
1011 1457 1054 1491 de
1082 1456 1290 1491 Sieabem'cz·
1325 1459 1396 1491 siue
1439 1456 1479 1490 de
1515 1457 1734 1491 Her-munies.
1766 1456 1970 1490 Hrabissias
2013 1457 2054 1490 cle

177 1519 377 1564 Clynouicz,
407 1521 478 1553 siue
512 1518 684 1562 Trawm'lf,
714 1508 882 1553 Ni'colaus
912 1519 952 1553 de
981 1521 1054 1565 ipso
1083 1518 1299 1553 Sembenicz.
1329 1518 1508 1553 Johannes
1537 1519 1578 1553 de
1607 1518 1768 1553 Butram
1796 1518 1885 1553 dicti.
1916 1518 2052 1552 feruore

173 1581 249 1616 almi
277 1583 413 1627 spiritus
441 1579 633 1615 inflammati
662 1583 694 1614 in
723 1585 837 1615 nostra
866 1583 1033 1615 constituti
1060 1584 1238 1627 presencia
1257 1580 1317 1614 Jus
1338 1580 1536 1615 Patronatus
1565 1580 1710 1615 ecclesie
1740 1584 1771 1615 111
1801 1580 1921 1615 eodem
1945 1580 2054 1615 Sera-

173 1643 304 1687 benicz,
334 1642 422 1689 quod
450 1642 491 1676 ad
520 1645 613 1688 ipsos
641 1647 672 1676 et
700 1645 935 1689 progenitores
964 1654 1080 1677 eorum
1101 1645 1257 1689 pertinuit
1279 1641 1319 1676 ab
1343 1645 1489 1689 antiquo.
1521 1654 1595 1677 cum
1619 1643 1754 1689 prediis.
1779 1642 1917 1676 decimis
1946 1642 2053 1688 plenis

173 1707 320 1740 omnium
347 1703 538 1751 prediorum
567 1704 608 1738 ad
636 1707 743 1751 ipsam
771 1705 949 1739 ecclesiam
977 1708 1048 1739 iure
1076 1704 1265 1739 Parochiali
1293 1708 1532 1751 spectancium.
1564 1717 1602 1738 ac
1632 1705 1704 1738 aliis
1735 1704 1938 1738 utilitatibus.
1971 1715 2054 1750 per-

174 1769 328 1802 tinenciis
356 1770 389 1801 et
415 1765 542 1800 iuribus
572 1769 642 1800 suis
670 1769 838 1801 uniuersis
860 1766 1019 1801 Honestis
1043 1778 1082 1801 ac
1103 1766 1286 1812 Religiosis
1308 1766 1397 1801 Viris
1420 1766 1605 1813 Prepesito.
1631 1767 1828 1809 Conuentui,
1853 1771 1885 1800 ct
1906 1769 2053 1812 ipsorum

173 1827 429 1864 successoribus
443 1827 573 1862 Domus
591 1828 834 1862 cherasieusis
850 1839 910 1874 per
925 1828 1061 1862 eosdem
1078 1831 1311 1875 progenitores
1328 1831 1475 1874 ipsorum
1491 1828 1638 1862 fundato.
1658 1828 1791 1862 Ordinis
1808 1828 1846 1862 S.
1867 1828 2056 1873 Aztyustz'ui

175 1893 382 1925 sacrosancti
410 1889 577 1924 Dominici
611 1889 762 1936 Sepulcri
798 1890 1076 1924 Jerosolimitam·
1108 1890 1297 1934 Praqetese's
1333 1889 1489 1925 Diocesis
1525 1890 1695 1933 dederunt,
1735 1890 1910 1924 donarunt.
1947 1890 2055 1924 tradi—

175 1953 293 1987 derunt
320 1951 511 1996 liberaliter,
541 1956 573 1986 et
602 1952 642 1986 de
671 1952 808 1999 speciali
838 1955 966 1997 gracia,
997 1956 1027 1985 et
1057 1955 1089 1985 111
1118 1951 1257 1985 eosdem
1288 1951 1409 1986 fratres
1439 1963 1478 1986 ac
1508 1955 1656 1998 ipsorum
1685 1963 1904 1987 successores
1929 1964 1973 1986 ex
1995 1964 2054 1986 sua

175 2019 266 2049 certa
295 2017 443 2049 sciencia
479 2019 511 2048 et
545 2017 692 2048 unanimi
727 2014 900 2048 voluntate
937 2025 998 2060 pro
1033 2025 1094 2048 suo
1129 2024 1331 2059 suorumque
1366 2014 1513 2048 remedio
1551 2017 1781 2060 peccaminum
1816 2014 2055 2049 transtulerunt

175 2087 236 2123 per
263 2086 323 2111 eos
352 2087 393 2110 ac
421 2087 641 2111 successores
670 2079 818 2122 ipsorum
847 2087 980 2122 semper
1009 2080 1041 2110 et
1070 2079 1102 2109 111
1131 2080 1325 2122 perpetuum
1353 2078 1425 2110 iure
1453 2079 1665 2122 proprietatis
1694 2081 1724 2110 et
1755 2076 1891 2110 dominii
1921 2076 2056 2111 haben-

177 2138 265 2182 dum,
294 2137 475 2172 tenendum
503 2143 535 2172 et
563 2137 668 2172 libere
696 2149 735 2172 ac
763 2138 904 2185 pacifice
932 2137 1181 2185 possidendum,
1211 2140 1446 2172 renunciantes
1476 2150 1535 2184 pro
1565 2150 1601 2173 se
1631 2150 1669 2172 ac
1699 2141 1767 2172 suis
1806 2137 1985 2172 heredibus
2016 2150 2055 2172 ac

177 2199 430 2235 successoribus
458 2199 710 2246 quibuscunque
737 2202 800 2247 ipsi
828 2203 891 2234 iuri
919 2199 1128 2243 patronatus,
1159 2202 1293 2245 suisque
1322 2202 1538 2246 pertinenciis
1569 2205 1599 2234 et
1629 2200 1754 2234 iuribus
1783 2203 1962 2244 uniuersis,
1993 2212 2056 2246 que

177 2261 218 2296 ad
246 2264 337 2308 ipsos
378 2265 554 2308 pertinent,
583 2262 639 2296 vel
681 2266 972 2308 quantumcunque
1013 2266 1167 2308 poterunt
1208 2264 1386 2307 pertinere.
1428 2262 1569 2308 Insuper
1611 2266 1719 2297 onmis
1762 2265 1842 2296 iuris
1880 2263 2054 2296 Canonici.

179 2322 305 2367 Ciuilis,
334 2323 597 2368 consuetudinis,
626 2324 806 2371 priuilegii,
836 2327 957 2368 statuti,
986 2326 1212 2358 restitucionis
1242 2325 1275 2357 in
1304 2326 1470 2369 integrum
1499 2325 1635 2358 auxilio.
1667 2336 1728 2358 nec
1759 2336 1826 2358 nou
1855 2326 2055 2370 excepcioui

176 2384 266 2419 Juris
295 2389 328 2419 et
349 2384 442 2420 Facti
463 2388 692 2432 cuiuscunque
720 2396 867 2432 persone
887 2385 943 2420 vel
970 2388 1177 2420 uniuersitati
1206 2385 1343 2429 indulto,
1367 2389 1565 2432 accionique
1595 2386 1659 2420 doli
1690 2387 1777 2420 mali.
1809 2391 1839 2420 et
1869 2390 1900 2420 in
1931 2386 2055 2419 sactum

177 2449 319 2487 accioni,
349 2451 382 2481 et
409 2450 636 2494 cuiuscunque
665 2447 800 2482 alterius
829 2450 909 2482 iuris
938 2447 1075 2492 auxilio,
1106 2447 1192 2493 quod
1220 2450 1270 2482 eis
1297 2448 1353 2482 vel
1375 2459 1491 2482 00111111
1514 2448 1694 2482 heredibus
1719 2453 1772 2482 aut
1799 2447 2056 2483 successorihus

177 2513 294 2543 contra
323 2511 434 2542 onmia
462 2509 517 2544 vel
545 2509 677 2555 singula
706 2509 866 2556 predicta,
894 2509 950 2544 vcl
979 2509 1099 2555 aliquid
1127 2508 1350 2555 predictorum
1379 2513 1547 2556 competit,
1570 2510 1624 2544 vel
1648 2510 1746 2544 modo
1769 2510 1914 2556 quolibet
1944 2514 2056 2555 posset

177 2574 370 2616 competere
398 2573 432 2604 in
460 2570 615 2605 futurum.
645 2571 932 2617 Recognouerunt
960 2582 1103 2617 quoque.
1133 2575 1165 2605 ct
1192 2574 1360 2606 veraciter
1388 2576 1463 2607 sunt
1491 2575 1665 2618 protestati
1691 2584 1805 2606 corani
1834 2571 1942 2605 nobis.
1970 2571 2056 2617 quod

178 2635 285 2678 ipsum
312 2631 373 2666 Jus
402 2631 599 2667 Patronatus
627 2644 702 2667 cum
731 2633 885 2668 omnibus
914 2633 1111 2679 supradictis
1133 2632 1175 2667 ad
1196 2636 1287 2679 ipsos
1309 2634 1444 2668 Fratres
1469 2639 1501 2668 et
1525 2634 1668 2669 Domum
1698 2637 1844 2680 ipsorum
1873 2633 2057 2679 predictam

179 2694 220 2728 de
249 2697 320 2728 iure
348 2696 502 2740 pertinet,
532 2699 565 2729 et
593 2694 713 2729 dudum
742 2695 928 2741 pertinebat
956 2707 999 2729 ex
1029 2706 1131 2730 causa
1161 2695 1357 2730 donacionis
1386 2696 1426 2730 ah
1457 2699 1536 2742 ipsis
1566 2695 1839 2741 Progenitorihus
1869 2698 1938 2729 suis
1968 2695 2058 2729 Fra-
