2325 2941
1184 134 1256 170 166

290 256 403 288 nostri.
434 253 554 287 domini
576 251 752 286 Tlieodrici
781 250 908 285 abbatis
937 250 1088 284 Ecclesie
1118 250 1293 296 Syloensis
1322 249 1362 283 ad
1392 249 1454 283 hoc
1475 249 1703 283 fauorabiliter
1728 249 1921 287 accedente.
1951 249 1987 283 In
2009 259 2148 294 quorum

289 317 432 348 omnium
455 315 673 347 testimonium
702 316 735 346 et
756 315 948 345 memoriam
977 311 1159 345 futurorum
1181 315 1354 356 presentes
1382 310 1494 345 literas
1523 310 1699 344 tradendas
1720 310 1884 354 duximus„
1906 310 2055 344 eiusdem
2075 310 2150 344 Re-

292 375 427 409 uerendi
458 377 487 407 111
518 373 647 407 Christo
675 376 789 419 patris„
819 384 859 406 ae
888 377 1074 407 nostrorum
1104 371 1307 417 Sygillorinn
1338 374 1516 406 munimine
1544 371 1730 413 roboratas,
1759 370 1881 405 Actum
1910 376 1941 405 et
1968 371 2087 405 Datum
2117 374 2148 404 in

291 436 446 470 Cliunicz.
477 435 577 468 Anno
607 434 729 468 domini
758 433 931 467 Millesimo
961 433 1225 473 Trecentesimo,
1255 435 1417 466 vicesimo
1446 432 1579 475 TerciQ
1609 432 1803 466 duodecima
1829 431 1997 466 Kalendas
2017 431 2146 477 Marcij.

596 504 684 535 (Oriff.
710 505 852 531 membran.
878 512 935 529 cuin
960 503 1002 530 111,
1029 502 1125 537 sigillis
1150 503 1218 529 bene
1242 502 1411 529 conservatis
1435 502 1461 529 in
1485 501 1596 530 archivo
1621 502 1776 529 monasterii
1802 502 1889 537 „Aula
1914 503 1941 529 S.
1956 501 2062 529 1111111111ιι
2079 502 2148 537 apud

730 557 758 583 C.
784 556 812 583 lt.
839 556 954 583 Gubern.
980 556 1072 582 Brunae
1096 556 1146 581 sub
1172 555 1210 582 lit.
1236 555 1268 581 Α.
1294 563 1320 582 11.
1346 556 1389 587 7.)

286 713 476 756 Johmmes,
490 725 584 758 papa
601 713 735 747 XXII..
753 713 891 746 nannlat
909 740 915 746 .
935 740 941 746 .
959 714 1120 757 episeopo
1138 712 1310 745 Nitriensz'
1330 715 1363 745 et
1380 711 1635 745 archidiaconis
1653 712 1825 745 Ni'lri'ensv'
1840 723 1882 745 ae
1903 710 2148 754 Treneim'ensi,

287 778 321 808 nt
339 776 531 819 episcopum
551 774 700 808 Olonme.
718 777 751 807 et
770 776 904 818 fratres
920 774 1047 807 ordinis
1064 773 1232 807 Motorum
1253 776 1437 806 eom-entus
1455 772 1625 806 Brmnlen.
1650 773 1695 806 ad
1715 774 1967 806 restitutionem
1989 771 2150 806 bonorum

402 836 558 869 ecclesaie
580 834 729 868 Alliensi
745 837 987 880 pertinentium
1009 834 1226 879 compellant.
1259 834 1318 867 Dt.
1342 834 1515 868 Are‘m'one
1538 833 1585 867 II.
1608 833 1755 868 Kalend.
1772 834 1897 867 Martie?
1920 833 2030 867 1323.

457 903 649 957 ,11111111111115
679 922 865 968 Episcopus
894 922 1022 956 Servus
1058 922 1241 956 Servorum
1275 921 1337 955 Dei
1367 921 1560 955 Venerabili
1597 921 1734 955 Fratri.
1759 949 1766 956 .
1795 921 1964 967 Episcopo
1992 920 2150 956 Nitriensi

284 988 317 1018 et
336 984 462 1017 dilectis
483 984 553 1017 111115
570 983 726 1017 Nitriensi
749 995 787 1017 ac
809 983 1054 1017 Trineliiniensi
1075 982 1251 1017 Nitriensis
1278 982 1431 1016 Diocesis
1452 982 1721 1029 Archydiaconis
1742 982 1968 1017 Ecclesiarum
2002 982 2149 1016 Salutem

288 1049 320 1078 et
348 1045 577 1090 Apostolicam
606 1044 890 1079 Benedictionem.
935 1044 1146 1089 Significavit
1167 1044 1261 1078 nobis
1282 1043 1486 1078 venerahilis
1515 1043 1618 1091 frater
1644 1048 1757 1078 noster
1778 1043 1934 1077 Andreas
1963 1043 2150 1089 Episcopus

284 1105 443 1139 Alliensis
473 1108 504 1139 in
528 1106 675 1146 [agai-ia
705 1106 792 1151 quod
822 1106 908 1139 bone
937 1109 1097 1139 memorie
1125 1105 1267 1139 Martino
1298 1105 1422 1139 ordinis
1451 1104 1588 1139 fratrum
1617 1108 1791 1142 1111110111111,
1821 1104 1988 1151 Episcopo
2010 1104 2149 1138 Albensi

285 1167 525 1212 predecessore
555 1170 657 1213 ipsius
686 1170 717 1200 in
743 1167 862 1212 Regno
884 1167 1021 1201 Boemie
1050 1167 1137 1200 unde
1166 1169 1331 1211 originem
1357 1171 1516 1209 traxerat,
1546 1166 1700 1200 videlicet
1724 1169 1755 1200 in
1778 1165 1991 1200 Olomucensi
2012 1165 2149 1200 Diocesi

284 1228 481 1262 decedente.
512 1228 599 1262 bona
630 1228 761 1262 mobilia
791 1240 853 1274 que
882 1231 1010 1262 ratione
1039 1228 1247 1274 Episcopalis
1277 1228 1444 1272 dignitatis
1473 1239 1531 1262 seu
1566 1227 1664 1261 officii
1693 1227 1846 1261 Ecclesie
1874 1226 2033 1261 Alliensis
2063 1226 2149 1260 idem

284 1288 444 1323 Martinus
485 1289 558 1323 dum
594 1292 723 1323 vixerat
754 1289 873 1323 ibidem
909 1292 1148 1335 acquisiverah
1184 1289 1389 1323 venerabilis
1425 1289 1527 1323 frater
1554 1293 1669 1323 noster
1696 1288 1882 1334 Episcopus
1919 1288 2149 1322 Olomucensis

285 1353 382 1384 immo
413 1351 530 1384 fratres
560 1351 635 1384 dicti
666 1351 806 1387 ordinis,
838 1351 1030 1385 Conventus
1060 1342 1265 1385 Brundensis
1296 1355 1329 1384 et
1360 1350 1516 1384 nonnulle
1545 1361 1690 1396 persone
1724 1349 1955 1384 ecclesiastice
1984 1353 2016 1383 et
2050 1351 2150 1383 etiam

287 1411 459 1445 seculares
481 1412 628 1445 eiusdem
651 1412 794 1445 diocesis
822 1415 975 1457 nequiter
1003 1416 1219 1458 occuparunt.
1250 1416 1281 1445 et
1310 1414 1379 1458 ipsa
1409 1411 1556 1445 detinent
1577 1415 1749 1457 occupata.
1780 1421 1978 1456 quamquam
2001 1410 2148 1456 predicta

282 1472 368 1505 bona
398 1472 437 1505 ad
467 1472 586 1506 dictam
615 1473 798 1506 Alliensem
828 1473 1012 1507 Ecclesiam
1043 1478 1223 1507 noscantur
1251 1472 1489 1506 rationabiliter
1521 1475 1697 1518 pertinere.
1756 1471 1921 1513 Quocirca
1957 1471 2148 1506 discretioni

282 1538 395 1567 vestre
423 1545 483 1579 per
511 1534 691 1579 apostolica
722 1537 842 1579 scripta
873 1534 1077 1575 mandamus„
1108 1537 1261 1579 quatinus
1290 1537 1419 1568 vocatis
1449 1536 1500 1579 qui
1530 1534 1651 1567 suerint
1680 1533 1858 1572 evocandi„
1888 1536 1914 1567 si
1944 1532 2041 1567 vobis
2063 1535 2147 1567 sim-

284 1595 411 1639 pliciter
439 1598 617 1628 suininarie
646 1600 677 1628 et.
706 1595 745 1628 de
775 1595 873 1641 plano
903 1599 975 1629 sine
1004 1598 1138 1641 strepitu
1169 1600 1200 1629 ct
1229 1595 1333 1637 figura
1363 1595 1471 1629 iudicii
1501 1598 1684 1628 eonstiterit
1712 1594 1752 1628 de
1781 1597 1962 1640 premissis„
1985 1594 2145 1640 prefatum

284 1655 481 1701 Episcopum
513 1656 767 1690 olomucensem
798 1661 830 1690 et
859 1667 1084 1702 (pioseumque
1113 1657 1196 1690 alios
1230 1661 1450 1702 &munitores
1487 1661 1519 1690 et
1552 1656 1741 1690 detentores
1784 1655 1942 1689 dictorum
1987 1655 2146 1689 bonorum

282 1719 516 1761 cuiuscumque
539 1717 706 1756 dignitatis
733 1722 836 1751 status
862 1717 986 1751 ordinis
1008 1718 1061 1751 wi
1090 1718 1288 1751 conditionis
1310 1720 1465 1753 existant,
1492 1716 1578 1762 quod
1602 1717 1747 1763 predicta
1772 1716 1858 1750 bona
1881 1716 1988 1750 eidem
2011 1715 2147 1749 Andree

285 1776 447 1822 Episcopo
477 1781 610 1811 nomine
640 1778 724 1811 dicte
755 1778 912 1812 Alliensis
934 1778 1083 1812 Ecclesie
1107 1781 1279 1813 restituant
1301 1783 1333 1812 ut
1363 1783 1525 1815 lenonum
1556 1781 1751 1812 auctoritate
1781 1782 1892 1812 nostra
1915 1777 2147 1823 Appellatione

282 1841 461 1882 postposita
479 1839 692 1884 compellatis.
724 1839 843 1873 Testes
860 1844 967 1873 autom
986 1842 1038 1885 qui
1064 1840 1187 1873 suerint
1203 1842 1358 1873 nominati
1383 1843 1408 1874 si
1426 1852 1462 1874 se
1478 1843 1584 1883 gratia
1606 1839 1682 1873 odio
1703 1839 1756 1873 vel
1779 1841 1895 1872 timore
1911 1838 2146 1873 subtraxerint.

281 1909 339 1943 per
367 1910 540 1932 censuram
571 1900 835 1933 ecclesiasticam
859 1901 1088 1946 appellatione
1117 1905 1271 1935 cessante
1293 1904 1422 1942 cogatis
1451 1903 1581 1935 veritati
1611 1903 1832 1935 testimonium
1855 1898 2042 1945 perbibere.
2072 1897 2145 1932 Non

281 1958 485 1992 obstantibus
515 1960 618 1994 felicis
657 1962 899 1995 recordationis
939 1962 1101 1995 Bonisacii
1139 1962 1226 2008 l'ape
1262 1961 1350 1996 VIII.
1388 1962 1639 2008 predecessoris
1676 1964 1777 1995 nostri
1816 1971 1879 2005 qua
1913 1964 2069 2002 cavetur,
2105 1971 2147 1993 ne

281 2020 397 2065 aliquis
426 2025 519 2053 extra
550 2033 640 2055 suam
665 2023 839 2056 (ivitatem
870 2028 902 2056 et
931 2023 1091 2057 diocesim
1122 2025 1181 2056 nisi
1213 2025 1243 2056 in
1274 2026 1373 2057 certis
1403 2026 1553 2069 exeeptis
1575 2022 1709 2057 casibus
1733 2022 1772 2055 ad
1797 2021 1949 2055 iudicium
1975 2025 2145 2055 evocetur.

280 2092 339 2115 seu
369 2093 410 2115 ne
440 2081 564 2115 iudices
593 2094 609 2115 a
647 2083 726 2116 sede
764 2084 946 2129 apostolica
983 2084 1130 2130 deputati
1166 2088 1262 2117 extra
1300 2084 1474 2118 Civitatem
1510 2089 1542 2117 et
1574 2084 1742 2118 Dioeesim
1779 2085 1809 2116 in
1849 2081 1967 2126 quibus
2003 2082 2145 2127 deputati

280 2142 411 2180 fuerint,
441 2147 555 2176 eontra
590 2154 804 2189 quoscunque
841 2145 1038 2191 procedere„
1077 2148 1150 2179 sive
1184 2145 1236 2179 alii
1272 2145 1325 2179 vel
1361 2145 1432 2179 aliis
1464 2148 1558 2179 vices
1593 2156 1671 2179 suas
1700 2146 1916 2177 committere.
1947 2147 2002 2177 aut
2030 2143 2147 2189 aliquis

280 2204 360 2237 ultra
391 2215 487 2237 unam
517 2204 635 2237 (1111111111
666 2217 682 2238 11
706 2205 772 2238 tine
801 2206 885 2240 dioc.
910 2206 1093 2240 eorundem
1124 2206 1255 2240 trabere
1285 2211 1487 2252 presumant,
1518 2217 1576 2240 seu
1605 2205 1645 2239 de
1674 2203 1801 2238 duabus
1823 2204 1918 2237 dietis
1944 2207 1973 2237 111
1997 2204 2146 2238 Concilio

279 2265 441 2302 (generali.
473 2265 650 2298 dummodo
679 2266 759 2298 ultra
791 2270 920 2300 tertiam
950 2267 1002 2301 vel
1033 2272 1182 2313 (piartam
1211 2268 1342 2307 dietam„
1373 2267 1489 2313 aliquis
1512 2271 1605 2301 extra
1627 2276 1719 2300 suam
1740 2268 1908 2299 civitatem
1932 2269 1964 2298 et
1986 2265 2144 2299 diocesim

281 2329 476 2359 auctoritate
505 2329 706 2372 presentium
737 2338 801 2360 111111
833 2327 998 2365 11·1111111111,-
1021 2333 1054 2362 et
1082 2329 1154 2363 aliis
1189 2329 1449 2374 quibuscumque
1487 2326 1774 2361 constitutioniluis
1803 2338 1820 2359 a
1850 2326 2145 2372 predecessoribus

282 2390 401 2420 nostris
432 2387 590 2421 Romanis
621 2387 831 2421 l’ontiiicibus
862 2393 924 2421 tam
956 2389 996 2422 de
1026 2389 1187 2423 iudicibus
1216 2389 1378 2433 delegatis
1407 2400 1502 2435 quam
1532 2390 1684 2434 personis
1714 2388 1795 2421 ultra
1825 2392 1949 2421 certum
1971 2398 2144 2421 numerum

282 2447 320 2480 ad
350 2447 503 2481 iudicium
534 2459 598 2482 non
631 2448 802 2482 vocandis.
834 2453 888 2481 11111
917 2449 988 2483 111115
1016 2450 1111 2484 editis
1135 2461 1199 2494 que
1224 2455 1335 2484 nostre
1358 2454 1494 2496 possent
1518 2451 1547 2482 111
1571 2448 1632 2481 bac
1654 2453 1745 2494 parte
1769 2449 1982 2483 iurisdictioni
2007 2451 2145 2494 eiusque

283 2507 384 2541 libero
428 2512 589 2542 exercitio
632 2509 876 2554 quomodolibet
920 2509 1070 2544 obviare.
1127 2512 1194 2544 Seu
1236 2514 1261 2545 si
1302 2511 1438 2557 prefatis
1468 2509 1634 2556 Episcopo
1670 2514 1703 2543 ct
1739 2509 1894 2544 fratribus
1936 2509 2060 2544 ordinis
2089 2509 2143 2544 vel

282 2569 387 2602 ordini
419 2575 613 2605 memorato.
643 2575 697 2604 aut
727 2571 988 2616 ‹piibuscumque
1018 2572 1089 2604 aliis
1119 2575 1337 2605 communiter
1365 2571 1417 2605 vel
1447 2570 1577 2604 divisim
1608 2581 1624 2603 a
1656 2570 1781 2616 prefata
1812 2573 1848 2604 sit
1873 2571 1953 2604 sede
1973 2570 2141 2606 indultum.

282 2629 366 2673 quod
396 2634 678 2665 excommunicari
708 2631 863 2677 suspendi
896 2632 946 2665 vel
977 2633 1125 2666 interdici
1163 2645 1220 2667 seu
1244 2637 1337 2666 extra
1368 2632 1420 2666 vel
1450 2632 1532 2665 ultra
1556 2636 1645 2665 certa
1669 2632 1740 2666 loca
1762 2631 1802 2665 ad
1829 2632 1982 2665 iudiciuin
2005 2632 2141 2677 evocari
