2325 2941
1226 145 1301 180 208

335 263 519 297 huiusmodi
549 261 715 308 spirituale
744 263 793 294 ius
822 260 1033 305 intelligimus
1062 264 1093 293 et
1122 259 1329 300 declaramus
1358 271 1423 293 non
1453 271 1529 294 esse
1559 259 1663 303 aliud,
1693 271 1791 305 quam
1820 263 1869 295 ius
1897 265 2103 307 patronatus,
2133 271 2191 295 seu

337 328 384 359 ius
414 323 624 370 presentandi
653 332 827 368 personas,
858 321 993 366 siquod
1022 320 1107 354 idem
1136 320 1211 354 Rex
1239 323 1271 354 in
1301 320 1453 365 ecclesijs
1481 321 1535 354 uel
1558 321 1701 366 Capellis
1730 324 1762 354 in
1790 321 1876 355 villis
1905 326 1959 356 aut
1986 321 2082 356 bonis
2110 332 2193 367 pre-

336 386 427 419 dictis
457 383 714 417 consistentibus
743 387 818 416 ante
855 382 1080 416 uenditionem
1109 386 1141 415 et
1169 384 1424 415 concessionem
1454 381 1639 415 huiusmodi
1668 381 1837 415 obtinebat
1903 382 2055 417 Tenores
2084 386 2192 417 autem

335 445 515 480 earundem
544 444 721 477 litterarum
751 444 910 477 dictorum
940 442 1044 487 Regis
1073 446 1105 475 et
1132 442 1264 487 Regine
1293 442 1375 475 tales
1403 447 1489 476 sunt.
1532 442 1602 477 Nos
1630 442 1802 476 Johannes
1832 442 1883 476 dei
1911 446 2026 487 gracia
2054 443 2192 477 Boeinie

334 511 363 540 et
393 506 529 539 Polonie
558 505 633 539 Rex
662 509 723 538 etc.
755 515 859 549 usque
880 503 999 537 Datum
1029 502 1137 547 Prage
1166 502 1271 536 Sexto
1295 502 1410 536 Nonas
1440 502 1593 537 Octobris
1621 504 1722 537 Anno
1751 503 1873 536 domini
1901 503 2074 537 Millesimo
2103 504 2194 538 Tre-

334 569 515 600 centesimo
538 569 698 599 vicesimo
728 568 841 599 tercio.
875 564 984 607 (sicle
1013 576 1043 597 η.
1078 563 1269 597 CCXLIX.
1292 564 1323 598 le.
1353 563 1412 605 T.)
1443 563 1524 598 Item
1552 575 1613 598 nos
1642 563 1811 598 Elisabeth
1841 563 1892 597 dei
1914 567 2030 608 gracia
2057 564 2193 599 Boemie

333 632 364 661 et
398 627 533 660 Potonie
568 627 698 671 Regina
734 630 796 659 etc.
834 636 937 670 usque
971 625 1092 658 Actum
1127 629 1158 658 et
1197 624 1318 658 Datum
1357 627 1388 658 in
1425 624 1559 658 Brunna
1602 625 1759 659 Kalendis
1794 624 1895 669 Junij,
1933 624 2035 658 Anno
2073 625 2193 659 domini

332 688 507 722 Millesimo
531 687 782 721 Trecentesimo
804 689 966 720 vicesimo
989 689 1102 719 tercio.
1136 688 1155 729 ζ
1166 686 1243 720 Vide
1269 698 1299 719 η.
1326 685 1525 719 CCXXIX.
1551 686 1582 720 Ie.
1605 686 1639 720 T.
1640 690 1663 729 J
1694 684 1779 719 Nulli
1807 697 1891 729 ergo
1920 688 2054 719 omnino
2082 685 2193 720 homi-

332 760 410 782 num
438 749 546 782 liceat.
577 748 660 781 lianc
689 751 845 793 paginam
874 752 1062 781 nostrarum
1090 746 1366 790 continuationis,
1404 746 1649 782 ratificationis.
1679 746 1946 793 approbationis,
1982 746 2195 792 suppletionis

333 814 364 844 et
393 809 626 843 declarationis
655 808 857 853 infringere.
894 808 947 841 uel
980 811 1011 841 ei
1047 819 1129 841 ausu
1157 811 1333 841 temerario
1368 810 1546 842 contraire.
1604 807 1639 841 Si
1668 811 1740 853 quis
1770 812 1877 841 autem
1907 807 1970 842 hoc
1999 811 2194 853 attemptare

333 873 569 916 presumpserit
599 869 861 914 indignationem
890 872 1124 915 omnipotentis
1154 868 1206 902 dei
1235 873 1265 902 et
1300 868 1471 902 beatorum
1500 868 1586 902 Petri
1615 873 1647 903 et
1675 868 1765 902 Pauli
1792 868 2031 914 Apostolorum
2059 871 2130 902 eius
2158 879 2194 903 se

332 935 461 965 nouerit
479 934 697 965 incursurum.
728 930 848 964 Datum
869 930 1038 964 Aninione
1060 929 1134 964 XV.
1166 930 1334 963 Kalendas
1355 929 1564 973 Decembris‚
1594 929 1806 963 Pontificatus
1834 932 1937 963 nostri
1958 929 2058 964 Anno
2081 928 2190 963 Nono.

644 1010 717 1044 (trig.
743 1010 887 1036 membran.
913 1018 970 1036 cum
996 1009 1066 1035 bulla
1099 1009 1220 1044 plumbea
1246 1009 1270 1035 in
1296 1009 1406 1035 arcliivo
1431 1009 1550 1043 ejusdem
1576 1009 1730 1036 monasterii
1755 1009 1823 1044 apud
1849 1009 1877 1036 C.
1904 1009 1932 1036 R.
1959 1009 2075 1035 Gubern.
2102 1009 2194 1035 Brnna‘

747 1063 795 1088 snb
822 1061 859 1089 lit.
892 1062 918 1089 B.
950 1071 975 1088 n.
1008 1062 1035 1089 6.
1062 1062 1182 1088 Alterum
1214 1061 1283 1095 orig.
1314 1070 1371 1088 cum
1403 1062 1495 1088 eadem
1527 1062 1597 1088 bulla
1628 1062 1750 1096 plumbea
1775 1061 1801 1088 in
1827 1062 1854 1088 C.
1888 1061 1916 1088 R.
1954 1061 2073 1087 archivio
2106 1060 2194 1087 aulico

747 1118 854 1140 secreto
878 1114 990 1141 Vienna>
1013 1115 1044 1141 K.
1072 1112 1143 1141 259.
1625 1107 1628 1109 .

1174 1200 1350 1235 CCLXIX.

332 1272 520 1315 ⁷lohannes7
560 1283 654 1316 papa
697 1271 818 1305 XXII.
863 1273 1063 1316 incorporat
1096 1273 1338 1305 monasterinm
1376 1271 1479 1306 Aalae
1508 1271 1546 1306 S.
1576 1272 1698 1305 Πανία)
1728 1273 1759 1304 in
1788 1271 1944 1319 Antiqua
1973 1270 2092 1304 Brema
2129 1281 2196 1315 per

333 1334 483 1377 reyimtm
503 1332 738 1366 Elisalwtlmm
753 1333 929 1377 simulatum
952 1333 1065 1366 ordini
1081 1332 1314 1366 cisterciensi.
1338 1332 1397 1366 Dt.
1416 1333 1588 1367 Acinione
1603 1333 1683 1368 ΧΓ.
1701 1332 1847 1366 Kalend.
1863 1331 2065 1366 Decembris
2083 1331 2193 1365 1324.

505 1401 699 1454 :lohannes
742 1423 919 1466 episcopus
961 1431 1078 1455 seruus
1114 1431 1287 1454 seruorum
1323 1420 1391 1463 dei,
1435 1420 1475 1454 ad
1518 1425 1711 1466 perpetuam
1752 1423 1800 1454 rei
1841 1421 2036 1453 memoriam
2059 1446 2066 1453 .
2103 1418 2196 1452 Solio

333 1481 504 1527 apostolici
541 1481 690 1515 culminis
736 1481 930 1527 disponente
973 1481 1105 1515 domino
1147 1481 1355 1527 presidentes
1399 1481 1507 1527 dig-nis
1550 1492 1722 1515 monemur
1765 1480 1936 1515 affectibus
1982 1485 2014 1514 et
2054 1479 2195 1514 motibus

333 1541 590 1575 racionabilibus
620 1545 814 1576 excitamur.
858 1547 889 1575 nt
925 1544 987 1588 pijs
1023 1545 1107 1576 uotis
1142 1553 1424 1588 quorumcumque
1466 1542 1608 1576 fidelium
1637 1542 1763 1575 illorum
1799 1544 1972 1588 presertim
2014 1552 2078 1586 que
2107 1543 2194 1575 circa

333 1603 433 1636 diuini
469 1603 573 1636 cult-us
615 1608 828 1647 augmentum
865 1608 895 1637 et
934 1606 1063 1649 pietatis
1099 1614 1201 1649 opera
1244 1603 1452 1637 intendentes
1488 1607 1683 1647 satagantur
1711 1603 1846 1637 celestia
1875 1613 1935 1649 pro
1964 1604 2104 1637 terrenis
2131 1612 2195 1635 ac-

333 1667 475 1708 quirere.
506 1668 537 1697 et
565 1669 770 1698 commutare
812 1667 999 1698 transitoria
1030 1676 1088 1710 pro
1117 1667 1251 1707 otei-nis,
1295 1667 1452 1710 promptis
1482 1664 1652 1699 atl'ectibus
1681 1675 1868 1698 annamus.
1899 1664 1990 1698 Sane
2023 1665 2193 1697 carissima

335 1727 365 1757 in
394 1724 522 1759 Christo
552 1724 614 1758 tilia
645 1730 755 1759 nostra
786 1725 935 1759 Elizabet
963 1725 1093 1769 Regina
1124 1725 1258 1759 Illustris
1287 1726 1400 1759 relicta
1426 1726 1515 1759 clare
1539 1728 1699 1759 memorie
1719 1724 1916 1759 VVenceslai
1938 1724 2043 1770 Regis
2058 1723 2194 1758 Boemie

335 1785 442 1828 uidua7
473 1790 586 1819 nostro
615 1786 811 1832 apostolatui
841 1786 1007 1820 referente
1036 1786 1230 1821 dedicimus.
1261 1786 1346 1831 quod
1376 1789 1446 1832 ipsa
1476 1791 1639 1832 tamquam
1668 1786 1732 1820 lilia
1764 1785 2002 1820 benedictionis
2023 1788 2055 1819 et
2075 1786 2193 1829 gratie,

335 1845 464 1889 fulgore
494 1850 563 1880 neri
593 1847 724 1881 luminis
754 1847 893 1883 radiata.
923 1848 1008 1881 dicin
1038 1850 1213 1882 messionis
1243 1852 1393 1882 extreme
1422 1850 1560 1893 cupiens
1583 1847 1810 1882 misericordie
1833 1846 1988 1893 operibus
2004 1848 2193 1892 preuenirc.

335 1911 366 1940 et
401 1919 440 1940 ca
474 1911 639 1941 seminare
674 1911 702 1942 in
741 1911 848 1951 tei-ris„
885 1920 944 1955 per
979 1920 1042 1954 que
1071 1909 1111 1943 de
1141 1908 1426 1943 benedictionibus
1459 1913 1607 1943 eternam
1636 1911 1737 1943 vitani
1773 1919 1902 1942 merere
1930 1907 2039 1941 ualeat
2067 1909 2097 1940 in
2126 1917 2194 1940 ex-

334 1967 444 2003 celsis.
475 1968 514 2001 ad
545 1971 646 2014 ipsius
675 1969 780 2003 cultus
810 1975 1037 2013 anfflnentuin,
1067 1974 1099 2003 ct
1120 1981 1254 2003 suorum
1271 1973 1502 2004 remissionem
1519 1973 1760 2016 peccaminum.
1778 1968 1939 2014 quoddam
1955 1967 2192 2002 Monasteriuni

335 2027 527 2062 Monialinni
571 2032 600 2062 in
645 2033 774 2075 antiqua
819 2031 951 2064 Brnnna
990 2030 1221 2065 (⁷)loniucensis
1255 2031 1414 2069 diocesis.
1455 2031 1541 2076 quod
1583 2031 1668 2064 Aula
1711 2035 1825 2065 sancte
1866 2028 1970 2062 Marie
2013 2028 2195 2073 uulgariter

337 2094 554 2135 nuncupatur.
585 2090 624 2123 ad
654 2091 781 2125 landem
812 2096 841 2126 et
871 2092 1011 2133 gloriam
1042 2095 1277 2137 ‹nnnipotentis
1306 2092 1369 2135 dei,
1399 2097 1431 2126 et
1459 2092 1607 2126 eiusdem
1635 2091 1732 2125 beate
1760 2090 1864 2124 Maric
1893 2092 2044 2135 virginis,
2083 2092 2194 2124 matris

335 2153 406 2183 eius
448 2149 627 2193 bonorem,
672 2151 731 2185 loci
776 2152 944 2186 diocesani
988 2157 1020 2187 et
1055 2153 1223 2187 Carissimi
1266 2156 1297 2187 in
1335 2153 1465 2187 Christo
1508 2153 1560 2197 tilij
1596 2154 1697 2186 nostri
1732 2150 1894 2184 Joliannis
1924 2150 2027 2195 Regis
2056 2150 2193 2185 Boemie

336 2210 471 2245 illustris
509 2211 548 2245 ad
586 2210 614 2244 id
651 2212 831 2247 accedente
874 2225 1041 2247 consensu
1077 2214 1117 2248 de
1159 2224 1248 2247 nouo
1289 2213 1437 2248 fundauit
1470 2217 1594 2260 pariter
1621 2217 1652 2247 et
1680 2212 1813 2245 dotauit.
1858 2211 1938 2245 Cum
1969 2215 2078 2245 antem
2108 2211 2192 2245 dicta

336 2271 466 2315 Regina
503 2271 741 2306 Monastcriuin
785 2276 901 2319 ipsum.
945 2279 976 2308 et
1017 2286 1181 2321 personas
1211 2278 1241 2309 in
1272 2286 1312 2309 eo
1341 2275 1514 2319 degentes,
1559 2274 1771 2308 Cistercicnsi
1800 2272 1905 2306 ordini
1942 2271 2062 2307 ascribi
2098 2271 2194 2306 desi-

336 2332 439 2375 ‹tei-ct,
476 2338 506 2367 ct
542 2345 600 2367 eas
635 2333 815 2367 secundum
851 2337 992 2369 instituta
1030 2340 1061 2370 et
1095 2336 1269 2381 regulares
1308 2335 1548 2370 obseruancias
1576 2334 1650 2367 dicti
1679 2333 1804 2367 ordinis
1833 2336 1946 2367 uiuere
1974 2338 2007 2368 et
2033 2337 2194 2380 perpetuo

335 2393 527 2437 gubernari,
565 2394 660 2428 nobis
702 2393 866 2428 humiliter
908 2397 1117 2442 snpplicauit„
1156 2401 1189 2430 ut
1223 2396 1460 2431 Monasteriuin
1489 2399 1521 2429 et
1554 2406 1716 2440 personas
1751 2394 1935 2429 huiusmodi
1978 2397 2193 2441 incorporare

336 2454 444 2488 cidem
475 2455 591 2505 ’ordini
634 2457 829 2489 auctoritate
871 2457 1052 2501 apostolica
1086 2457 1311 2502 dignaremur.
1349 2457 1418 2492 Nos
1454 2459 1552 2501 igitur
1593 2455 1741 2489 ciusdem
1783 2455 1914 2497 Regino
1949 2458 1981 2490 in
2009 2455 2073 2490 hac
2100 2459 2193 2502 parte

337 2518 550 2561 propositum.
595 2519 750 2562 piumque
785 2516 983 2550 desiderium
1026 2518 1198 2563 plurimum
1230 2521 1259 2552 in
1290 2518 1422 2552 domino
1451 2516 1733 2554 conuncndantes.
1768 2516 1908 2561 illudque
1943 2519 2016 2551 cius
2044 2515 2194 2562 suplica-

337 2576 486 2610 cionibus
531 2577 689 2620 inclinati„
734 2577 882 2611 uolentes
926 2578 1096 2622 apostolici
1139 2579 1263 2613 fauoris
1313 2581 1417 2624 gratia
1460 2577 1686 2611 l'au‹›ral›ilitcr
1727 2577 1927 2615 confonerc.
1971 2577 2121 2611 uolumus
2161 2580 2194 2610 ct

338 2637 517 2681 apostolica
554 2641 748 2672 anctoritate
783 2638 1004 2681 dccci-ninius,
1045 2639 1131 2683 qnod
1167 2640 1287 2673 dictum
1319 2639 1555 2673 ltlonasicrium
1589 2642 1620 2671 ct
1655 2650 1798 2684 persone
1836 2641 1866 2672 in
1904 2641 1974 2684 ipso
2017 2637 2191 2683 degentes7
