2341 3005
1090 153 1159 188 139

184 270 287 305 etad
328 274 445 305 eterne
486 269 584 305 nobis
625 272 805 316 prouenire
846 269 1013 304 felicitatis
1055 274 1283 314 angmentum,
1327 281 1402 304 cum
1432 270 1472 305 de
1514 271 1610 307 bonis
1652 285 1670 307 a
1700 273 1763 308 deo
1805 274 1903 309 nobis
1932 276 2060 311 collatis

187 332 370 367 deodicatis
399 335 563 378 personis,
593 343 658 377 que
687 331 806 366 diuinis
836 330 1006 376 obsequijs
1035 330 1156 365 deuote
1185 343 1225 365 ac
1247 335 1404 366 continue
1427 335 1609 368 inseruiunt
1632 334 1814 370 liberaliter
1834 337 2060 383 prouidemus.

186 394 374 440 Eapropter
415 393 456 427 ad
498 396 731 428 uniuersorum
760 397 825 427 tam
867 395 1080 439 presencium
1121 403 1221 438 quam
1262 392 1447 428 futurorum
1489 398 1645 429 noticiam
1689 401 1807 432 tenore
1848 403 2061 445 presencium

186 456 340 490 volumus
368 458 558 502 peruenire.
590 454 685 496 Quod
715 455 844 489 deuotis
867 454 1064 488 dominabus
1094 482 1101 488 .
1134 482 1140 488 .
1171 454 1354 490 Abbatisse
1384 460 1416 490 et
1445 455 1632 490 Conuentui
1661 458 1823 493 Sororum
1852 462 1884 493 in
1909 460 2061 507 Znoyina

185 516 319 551 Ordinis
361 517 486 551 Sancte
528 516 625 551 Clare
668 516 727 551 51111
770 527 848 551 cura
891 515 1044 550 fratrum
1068 515 1237 550 Minorum
1278 516 1400 551 ibidem
1443 517 1653 563 degentibus.
1702 531 1765 565 11110
1808 521 1867 555 sub
1896 523 2062 567 regularis

185 578 567 613 habitus-obseruancia
603 578 736 613 domino
780 578 913 613 assidue
956 578 1170 614 famulantur.
1212 583 1249 613 vt
1276 590 1336 625 pro
1380 579 1487 614 salute
1529 583 1680 626 corporis
1723 586 1755 615 et
1783 586 1891 617 anime
1933 589 2059 621 nostre.

184 643 375 687 nostrisque
404 643 574 687 prosperis
608 639 833 674 successibus.
878 640 1007 674 deuotis
1049 640 1263 675 oracionibus
1306 640 1403 675 deum
1433 646 1540 677 orent.
1582 642 1642 676 ι1115
1676 648 1869 689 patronatus
1911 646 1997 691 quod
2029 649 2060 680 in

183 702 338 743 Ecclesia
367 704 482 737 Sancti
510 701 684 736 Michaelis
714 701 835 735 ibidem
865 704 897 735 in
926 701 1078 748 Znoynia
1109 701 1271 736 habemus
1299 703 1356 737 vel
1385 702 1510 738 habere
1544 704 1759 739 dinoscimur.
1795 710 1827 739 et
1860 706 1919 741 Jus
1950 708 2061 753 quod—

183 775 338 810 cumque.
369 764 457 810 quod
485 763 582 798 nobis
611 767 768 810 competit
810 763 864 798 vel
894 768 1003 810 potest
1043 768 1237 810 competere
1278 767 1311 798 in
1340 764 1470 800 eadem.
1515 765 1671 800 ethonis
1714 766 1977 813 quibuscumque
2019 770 2058 804 ad

187 829 258 872 ipsa
287 825 541 873 pertinentibus„
571 830 627 860 aut
655 829 686 859 in
716 829 787 859 01115
816 825 1001 860 collacione
1044 825 1177 871 plenum
1206 830 1238 860 et
1265 828 1338 861 sine
1356 845 1361 847 >
1380 826 1605 862 diminucione
1649 828 1765 862 (lanius
1794 833 1826 863 et
1854 829 2059 866 conserimus

182 891 215 922 in
230 899 289 922 eas
304 892 337 922 et
351 899 468 922 omnes
484 888 565 922 alias
581 888 725 922 Sorores
742 888 817 921 dicti
841 888 978 922 ordinis.
1007 899 1071 933 que
1086 890 1287 922 successiuis
1303 888 1506 934 temporibus
1529 888 1680 933 degerint
1707 890 1828 924 ibidem
1850 890 1911 925 ,lus
1941 891 2060 927 huius-

182 949 270 984 modi
299 949 551 986 transferentes.
582 954 617 983 vt
646 950 731 984 idem
760 949 819 983 ι1115
848 954 1009 996 perpetuo
1052 949 1197 984 habeant
1238 954 1270 984 et
1297 950 1492 996 possideant
1535 951 1674 997 pacifice
1704 956 1733 985 et
1763 955 1884 998 quiete.
1915 953 1955 987 Et
1984 966 2058 988 cum

182 1011 341 1058 deinceps
371 1011 491 1046 dictam
519 1011 707 1046 Ecclesiam
750 1023 875 1046 vacare
917 1015 1095 1057 contigerit
1136 1011 1332 1046 conferendi
1374 1024 1448 1046 eain
1491 1015 1563 1047 siue
1592 1014 1807 1059 presentandi
1836 1015 1876 1048 ad
1905 1015 2058 1050 eandem.

182 1073 313 1120 plenam
341 1078 375 1108 et
401 1073 542 1108 liberam
583 1073 727 1107 habeant
769 1073 971 1111 sacultatenn
1016 1073 1052 1107 ln
1081 1077 1174 1108 cuius
1209 1076 1258 1108 rei
1300 1077 1525 1108 testimonium
1567 1080 1743 1121 presentes
1786 1076 1898 1110 literas
1927 1077 1999 1112 lieri
2029 1083 2061 1112 et

181 1134 309 1181 Sigillis
345 1135 531 1170 Maiestatis
573 1140 688 1169 nostre
730 1138 886 1169 iussimus
928 1138 1137 1170 communiri.
1185 1135 1307 1170 Datum
1349 1135 1459 1181 Frage
1502 1137 1738 1171 terciodecimo
1780 1138 1950 1173 Kalendas
1979 1139 2055 1184 Julij

181 1197 282 1231 Anno
325 1196 448 1231 domini
488 1196 666 1244 Millesiino
709 1197 962 1231 Trecentesimo
1005 1197 1178 1243 Yigesiino
1208 1197 1330 1242 Primo⁷
1366 1197 1564 1243 Regnorum
1600 1210 1683 1233 vero
1720 1204 1911 1234 nostrorum
1954 1201 2055 1236 Anno

181 1257 378 1293 Vndecinio.

494 1339 582 1374 (Orig.
609 1340 755 1366 membran.
782 1348 840 1366 cum
864 1339 957 1373 sigillo
989 1339 1123 1366 bilaterali
1151 1343 1230 1375 rupto
1265 1339 1292 1366 in
1323 1340 1432 1367 archivo
1458 1340 1588 1368 Societat.
1625 1341 1691 1368 Jesu
1717 1342 1843 1375 Znoymae
1879 1343 1948 1378 apud
1974 1344 2002 1370 C.
2030 1344 2057 1370 R.

599 1393 715 1420 Gubern.
742 1393 836 1419 Brunae
860 1393 909 1419 sub
935 1392 973 1419 lit.
1000 1393 1031 1420 h.
1056 1401 1082 1419 11,
1109 1391 1152 1427 ¹2.)

179 1582 370 1619 „Iohannes
400 1594 467 1616 rem
483 1582 668 1626 Bobemioe,
698 1584 878 1617 committit
907 1585 1012 1617 cerlis
1041 1585 1286 1617 commissoriis
1303 1585 1520 1618 [arationem
1550 1585 1706 1619 villas-mn
1726 1585 1841 1619 Meum
1865 1589 1899 1619 el
1921 1585 2057 1620 Hasta-

181 1649 259 1690 pee,
289 1656 375 1691 quas
404 1646 533 1690 reyinoe
560 1644 778 1679 Elisabelhae
807 1645 947 1680 tradere
976 1645 1186 1679 intendebat.
1217 1645 1346 1679 Datum
1375 1646 1502 1691 Prayoe
1532 1646 1617 1680 XII.
1649 1647 1796 1681 Kalend.
1823 1647 1914 1681 Julii
1941 1647 2055 1681 1321.

355 1732 445 1786 Ros
473 1750 646 1786 Johannes
682 1751 733 1785 dei
767 1753 883 1796 gracia
919 1751 1057 1785 Boeinie
1093 1756 1124 1785 et
1154 1751 1290 1786 Polonie
1326 1752 1413 1789 Rex.
1450 1752 1756 1791 Lucemlnlrgensis
1793 1752 1926 1793 Comes„
1959 1752 2058 1787 Mar-

180 1812 323 1859 chieque
351 1813 776 1849 1301115111011515(1011111105.
821 1812 875 1847 Ad
917 1818 1111 1859 perpetuam
1154 1816 1437 1854 1-0111101110113111,
1481 1814 1522 1848 ad
1565 1817 1812 1853 vninersoruni,
1856 1819 1921 1849 tam
1958 1815 2057 1849 modo

180 1878 406 1922 5111101511111111θ
436 1886 536 1920 (1113111
564 1878 698 1909 inantea
728 1874 923 1910 futurorum.
954 1875 1165 1921 presentibus
1195 1875 1349 1910 volumus
1377 1878 1556 1921 peruenire
1585 1878 1754 1919 noticiam,
1786 1876 1882 1917 Quod
1910 1876 1950 1910 ad
1973 1888 2057 1923 pro-

181 1937 363 1971 curandam
391 1937 564 1972 vtilitatem
593 1936 775 1983 reipublice
804 1936 914 1982 Regni
945 1940 1049 1971 nostri
1078 1937 1229 1977 Boeinie„
1259 1937 1413 1971 volentes
1443 1936 1571 1971 absolui
1601 1948 1663 1972 nos
1692 1942 1725 1971 et
1753 1937 1895 1972 heredes
1924 1943 2057 1973 nostros

182 2010 202 2032 a
230 1998 403 2033 solucione
432 1998 548 2033 deceni
577 1998 702 2032 Milium
732 1998 989 2043 Sexagenarum
1025 2004 1222 2044 grossorum
1245 1998 1457 2032 denariorum
1486 1998 1718 2044 Pragensiuin.
1744 2002 1775 2033 in
1798 1999 1915 2046 1111111115
1937 1999 2055 2034 Illustri

182 2059 327 2105 domine,
371 2061 503 2095 domine
544 2060 706 2104 Ehzabet,
750 2072 873 2105 magne
915 2065 947 2094 et
988 2060 1095 2094 felicis
1137 2060 1388 2095 recordacionis
1430 2060 1552 2094 domini
1595 2060 1806 2097 VVencezlai.
1850 2061 1916 2095 diui
1951 2061 2056 2106 Regis

181 2186 315 2218 cionum
356 2195 395 2218 ac
424 2184 628 2219 districtuum
672 2184 791 2219 Grecz.
820 2183 925 2228 Muta,
969 2184 1114 2218 Crudim.
1144 2184 1290 2218 ,131011111-
1330 2188 1363 2218 et
1390 2183 1557 2229 Policzka,
1601 2196 1674 2218 cum
1717 2187 1785 2219 suis
1826 2186 2053 2231 pertinencijs.

183 2245 386 2283 vtilitatibuS.
414 2245 560 2289 Jurihus,
604 2246 772 2291 dominiJ's,
816 2257 876 2292 pro
906 2249 974 2280 suis
1004 2246 1167 2290 dotalicijs
1210 2249 1281 2280 siue
1310 2246 1553 2281 donacionibus
1582 2251 1718 2293 propter
1752 2248 1891 2292 nupcias
1920 2249 1993 2290 rite,
2024 2251 2054 2280 et

181 2307 427 2342 racionabiliter
467 2307 681 2354 obligantur.
725 2311 757 2342 in
798 2307 1028 2342 venerabilem
1068 2308 1269 2351 .lohannem‚
1299 2307 1596 2353 wissegradensis
1642 2308 1795 2342 Ecclesie
1831 2307 2050 2353 l'repositum.

182 2369 291 2415 Regni
320 2368 457 2404 Boemie
486 2370 740 2413 Cancellariunn
771 2369 957 2415 Principem
987 2374 1135 2404 nostrum
1165 2370 1331 2413 dilectum.
1363 2369 1545 2404 Henrieuin
1582 2370 1623 2405 de
1650 2369 1730 2416 Lipa
1767 2371 1947 2411 seniorem,
1978 2368 2053 2402 dicti

182 2430 292 2476 Regni
321 2433 425 2465 nostri
467 2431 639 2466 Summum
681 2431 940 2470 Mai-schalcnni,
982 2436 1015 2465 et
1044 2431 1259 2466 Wochoneni
1303 2431 1343 2466 de
1373 2432 1525 2476 (Ji-:uvam
1555 2431 1669 2466 tideles
1712 2435 1855 2474 nostros,
1886 2435 2053 2475 tamquam

181 2495 214 2527 in
242 2491 398 2536 arbitros,
426 2503 487 2538 pro
516 2493 611 2528 nobis
639 2492 819 2528 heredibus
846 2498 877 2527 et
909 2492 1172 2528 Successoribus
1200 2495 1336 2537 nostris,
1359 2493 1510 2539 Regibus
1533 2493 1671 2527 Boemie
1700 2494 1992 2538 conpromisimus2
2022 2496 2055 2525 et

180 2554 393 2600 presentibus
422 2558 707 2600 conpromittinms
729 2555 777 2589 ‘de
807 2555 886 2589 Alto
915 2559 947 2589 et
975 2554 1016 2589 de
1044 2555 1164 2598 Basso,
1201 2566 1303 2601 super
1336 2554 1569 2589 taxacionibus
1604 2554 1682 2588 ville
1717 2552 1860 2599 Meneys
1890 2557 1923 2587 et
1949 2555 2052 2599 partis

180 2615 259 2650 ville
287 2614 477 2662 Hustopecz
519 2628 580 2651 nos
608 2620 834 2663 contingentis
877 2620 908 2651 in
938 2616 1169 2651 Marchionatu
1197 2616 1349 2651 Morauie
1391 2619 1539 2659 sitarum,
1570 2620 1605 2651 vt
1632 2617 1692 2662 ipsi
1721 2617 1870 2661 pensatis
1899 2613 2052 2648 omnibus

179 2677 383 2721 vtilitatibust
412 2677 548 2712 Juribus
577 2682 609 2712 et
636 2677 792 2724 ‹lominijs
821 2679 974 2713 villarum
1004 2677 1148 2725 Meneys
1177 2682 1209 2712 et
1236 2677 1427 2726 Hustopecz
1469 2677 1693 2725 predictarum
1735 2687 1810 2710 cuin
1846 2679 1915 2711 suis
1943 2678 2053 2722 perti—

1788 2736 1845 2766 18*
