2325 2941
1199 104 1274 139 298

304 234 466 269 germano
495 222 608 255 erico
637 220 677 253 de
706 218 947 265 Sheykowicz,
990 218 1073 252 duos
1115 218 1230 252 laneos
1262 217 1340 252 ville
1368 222 1484 253 nostre
1513 218 1714 265 Stetyudorf
1742 218 1846 254 libere
1872 219 2083 254 vendidimus
2110 229 2170 265 pro

306 284 534 328 Quadraginta
561 281 684 316 Marcis
712 280 983 323 Morauicalibus,
1013 280 1199 324 Sexaginta
1229 283 1368 324 quatuor
1395 282 1524 324 grossis
1552 279 1780 324 Pragensibus
1808 291 1868 326 pro
1897 292 2013 314 earum
2028 279 2174 325 qualibet

305 347 511 391 computatis,
540 354 601 389 per
628 344 718 388 ipsos
747 346 803 375 aut
830 341 969 376 Amicos
998 352 1124 379 eorum,
1154 339 1272 385 quibus
1301 339 1439 374 eosdem
1466 341 1594 383 laneos,
1624 343 1744 375 virtute
1772 344 1983 387 presencium
2002 342 2172 375 literarum

306 405 496 440 tradiderint
530 403 633 437 libere
668 402 902 449 possidendos,
944 402 1107 436 facientes
1140 404 1230 447 ipsos
1262 403 1296 435 in
1336 402 1509 447 principali
1550 402 1696 436 dominio
1738 401 1920 436 eorundem
1961 405 2171 448 presencium

305 468 492 501 testimonio
520 466 688 510 pociores,
731 464 833 498 saluis
867 463 977 497 Berua
1013 462 1144 508 Regali.
1175 473 1273 508 quam
1302 473 1320 496 a
1350 462 1531 497 cultoribus
1559 463 1743 497 eorundem
1777 462 1938 508 colligere
1970 463 2068 509 pleno
2100 466 2173 497 iure

305 527 476 569 debemus,
506 528 590 560 sicut
619 528 651 559 111
680 525 753 569 alijs
782 527 905 559 nostris
933 524 1042 566 honis,
1072 526 1134 557 nisi
1164 525 1236 569 ipsi,
1266 523 1322 558 vel
1351 523 1434 557 alter
1461 526 1620 569 ipsorum,
1649 527 1741 570 ipsos
1762 523 1984 570 personaliter
1998 524 2172 567 coluerint,

304 588 359 622 vel
388 591 420 622 111
449 590 529 633 ipsis
557 586 699 621 fecerint
726 585 947 620 residenciam
976 584 1197 631 corporalem.
1227 583 1269 619 Et
1296 584 1401 630 culpis
1437 584 1673 628 criminalibus,
1710 596 1847 630 quarum
1880 596 1966 631 equa
1998 584 2172 628 medietas,

305 649 589 695 qualitercumque
622 650 654 681 in
689 650 769 693 ipsis
803 649 1011 689 emerserint,
1045 646 1084 680 ad
1120 656 1181 680 1105
1223 650 1255 680 et
1296 650 1444 680 nostrum
1482 645 1724 680 Monasterium
1765 645 1954 692 pertinebit,
1996 645 2174 680 medietate

304 710 430 755 reliqua
460 709 501 743 ad
530 712 619 755 ipsos
648 708 703 742 vel
731 708 871 742 Amicos
900 710 1061 753 ipsorum,
1091 710 1145 752 qui
1173 711 1348 752 presentes
1377 707 1489 741 literas
1518 706 1694 741 habuerint
1720 709 1918 753 pertinente.
1952 706 2174 741 Promittimus

305 770 536 806 nichilominus
578 772 658 815 ipsis
687 768 823 803 eosdem
852 768 968 802 laneos
997 767 1037 803 ah
1067 767 1220 803 omnibus
1253 767 1494 814 impetitoribus
1523 767 1715 813 exbrigare,
1745 771 1772 803 si
1801 770 1855 813 qui
1883 767 1970 802 forte
1997 778 2058 814 pro
2086 771 2176 801 tem-

305 843 387 879 pore
421 831 553 874 fuerint.
587 841 648 876 per
682 841 911 876 quoscumque
946 829 1001 864 vel
1030 832 1192 875 quociens
1219 832 1310 875 ipsos
1338 831 1449 875 impeti
1478 832 1666 874 contigerit.
1701 832 1822 863 nos’ris
1850 828 2019 863 laboribus
2048 833 2081 863 et
2108 840 2176 863 ex-

305 896 431 940 pensis,
460 892 710 927 Renunciantes
739 893 828 925 omni
857 893 1058 937 excepcioni
1086 901 1153 925 non
1172 890 1238 924 dati
1258 894 1314 924 aut
1332 901 1399 924 non
1416 893 1565 936 percepti
1580 892 1696 936 precij,
1720 895 1774 924 aut
1789 893 1878 924 omni
1894 890 1946 935 alij
1964 891 2175 936 excepcioni,

306 966 370 1000 que
399 953 495 988 nobis
536 956 652 999 posset
693 952 870 998 suffragari
899 955 931 987 in
960 955 1052 998 ipsis,
1082 951 1206 987 auxilio
1234 954 1314 986 iuris
1344 954 1498 986 canonici
1526 951 1581 986 vel
1610 951 1735 995 Ciuilis,
1779 950 2038 986 Condicionibus
2067 955 2176 985 tamen

307 1014 522 1061 sequentibus
552 1014 750 1057 interclusis,
780 1013 936 1055 videlicet
964 1013 1051 1058 quod
1081 1012 1357 1059 quandocumque
1386 1012 1522 1047 eosdem
1552 1013 1668 1047 laneos
1689 1023 1749 1059 pro
1766 1017 1854 1047 tanta
1871 1012 2007 1047 Summa
2022 1015 2176 1059 pecunie,

306 1077 370 1111 hoc
399 1081 449 1111 est
479 1074 709 1120 Quadraginta
737 1074 927 1109 Marcaruin
955 1074 1221 1117 Morauicalium,
1264 1074 1319 1109 vel
1348 1074 1421 1119 alijs
1449 1073 1546 1108 bonis
1575 1073 1838 1119 equiualenthus
1872 1085 2025 1108 reemere
2052 1073 2177 1108 volue-

307 1142 421 1175 rinms,
451 1136 548 1171 nobis
578 1136 618 1170 ad
647 1136 933 1180 reuendicionem,
963 1138 1051 1170 omni
1075 1135 1295 1170 cauillacione
1315 1140 1348 1170 et
1371 1135 1446 1170 dolo
1463 1138 1667 1182 postpositis,
1688 1140 1875 1178 teneantur,
1899 1135 2177 1181 quandocumque

308 1199 383 1234 illud
412 1210 471 1245 per
498 1210 572 1241 nos,
603 1198 829 1233 Successores
864 1202 1009 1241 nostros,
1051 1197 1106 1232 vel
1136 1201 1285 1232 nostrum
1318 1196 1557 1232 Monasterium
1586 1196 1685 1231 suerit
1720 1200 1958 1243 attemptatum,
1987 1207 2106 1231 verum
2134 1207 2178 1229 ne

308 1260 405 1295 alicui
435 1260 475 1294 de
505 1259 677 1293 solucione
707 1258 793 1294 dicte
821 1261 964 1305 pecunie
993 1258 1127 1293 dubium
1160 1263 1354 1304 generetur,
1388 1258 1522 1293 modum
1563 1260 1666 1304 ipsius
1699 1257 1910 1304 presentibus
1945 1268 2005 1304 pro
2047 1256 2178 1291 cautela

313 1322 467 1355 duximus
504 1320 761 1354 inscribendum.
801 1319 882 1354 Cum
912 1323 999 1355 0111111
1029 1323 1061 1355 111
1090 1319 1222 1354 .Ιο1111110
1256 1319 1353 1354 11111115
1382 1322 1459 1354 anni
1487 1324 1636 1354 nostrum
1670 1318 1910 1354 Monasterium
1943 1321 2039 1365 panis
2067 1321 2178 1365 inopia

308 1386 521 1428 grauaretur,
552 1384 612 1428 ipsi
642 1381 793 1415 dominus
823 1381 984 1415 Salomon
1012 1385 1045 1416 et
1072 1381 1175 1416 frater
1203 1392 1282 1417 suus
1311 1381 1449 1428 predicti
1477 1380 1574 1415 nobis
1603 1385 1728 1415 tantum
1757 1383 1790 1415 in
1819 1380 1943 1414 Tritico
1977 1384 2010 1414 et
2038 1379 2179 1425 Siligine

308 1448 508 1486 mutuarunt,
537 1447 574 1477 vt
601 1445 682 1488 ipsis
712 1442 752 1476 de
781 1442 925 1477 fidelium
954 1447 1143 1477 nostrorum
1171 1442 1311 1477 consilio
1340 1445 1373 1477 in
1402 1445 1579 1488 pecuniam
1608 1444 1806 1488 computatis
1840 1441 1881 1476 ad
1914 1440 2086 1476 Summam
2114 1451 2181 1487 pe-

308 1508 406 1539 cunie
435 1505 563 1539 scilicet
591 1503 822 1549 Quadraginta
850 1503 1041 1538 Marcarum
1070 1515 1106 1539 se
1135 1504 1333 1538 extenderet
1361 1503 1596 1550 supradictam,
1626 1514 1685 1550 pro
1715 1513 1778 1548 qua
1799 1505 1879 1549 ipsis
1903 1502 2041 1538 eosdem
2061 1502 2179 1537 laneos

308 1569 567 1611 assignauimus,
610 1565 716 1599 taliter
750 1570 783 1599 ut
811 1568 1029 1611 prescriptum
1058 1570 1119 1609 est,
1158 1570 1285 1600 maturo
1315 1565 1457 1599 fidelium
1487 1569 1677 1600 nostrorum
1705 1564 1844 1599 consilio
1879 1563 2074 1608 accedente,
2103 1565 2179 1609 quia

309 1632 431 1661 tantum
461 1629 603 1673 pecunie
632 1626 795 1661 ullatenus
824 1630 998 1672 acquirere
1027 1626 1122 1661 aliter
1140 1629 1375 1673 potuissemus,
1405 1629 1468 1661 nisi
1483 1637 1558 1660 cum
1577 1637 1702 1672 magno
1723 1625 1867 1660 ecclesie
1886 1629 2000 1660 nostre
2022 1624 2176 1671 dampno.

311 1688 345 1722 ln
376 1692 469 1723 cuius
498 1691 546 1723 rei
576 1690 799 1723 testimonium
829 1688 946 1733 Sigilla
976 1692 1089 1723 nostra
1127 1687 1276 1722 dedimus
1304 1687 1516 1734 presentibus
1545 1686 1756 1734 apponenda.
1791 1686 1915 1721 Actum
1949 1691 1982 1721 et
2009 1686 2118 1721 datum
2146 1687 2178 1719 in

310 1750 456 1785 Chunicz
476 1750 577 1785 Anno
601 1749 722 1784 domini
738 1748 913 1783 Millesimo
930 1749 1182 1785 Trecentesimo
1198 1748 1370 1784 Vicesimo
1386 1760 1487 1793 nona,
1511 1752 1542 1783 in
1559 1748 1686 1783 Octaua
1702 1748 1801 1783 beate
1816 1747 2010 1794 Margarcte
2024 1748 2176 1792 virginis.

623 1829 710 1863 (Orig.
738 1829 882 1856 membran.
908 1838 965 1855 cum
991 1829 1096 1855 duobus
1121 1828 1220 1863 sigillis
1244 1829 1315 1855 rubri
1340 1829 1441 1855 coloris
1472 1829 1550 1855 valde
1581 1828 1654 1855 110515
1678 1828 1704 1855 10
1729 1827 1839 1855 archivo
1870 1826 2027 1855 monasterii
2051 1825 2178 1853 Lucensis

723 1882 792 1917 apud
815 1883 845 1910 C.
871 1882 899 1910 n.
924 1881 1085 1909 Guberniuin
1110 1882 1202 1909 Brunae
1226 1882 1275 1908 sub
1300 1881 1338 1909 lit.
1364 1881 1394 1908 H.
1420 1890 1445 1908 n.
1472 1879 1535 1914 26.)

1094 1976 1397 2011 CCCLXXXVIII.

314 2047 485 2081 Hem-icus
527 2047 568 2080 {Ie
604 2047 689 2092 Lista
732 2048 839 2082 tradit
874 2049 1002 2093 reyluoe
1042 2047 1258 2081 Elisabetleoe
1285 2047 1402 2081 villam
1430 2059 1526 2081 setam
1554 2047 1753 2082 Rostenice.
1796 2044 1926 2078 Datum
1964 2044 2088 2078 Bremae
2115 2043 2178 2080 IV.

1047 2109 1127 2143 lans
1155 2109 1186 2142 A
1195 2110 1309 2153 2191!in
1336 2108 1448 2143 1329.

486 2159 574 2212 Ros
610 2177 787 2212 livini-icus
823 2179 862 2212 de
891 2178 983 2225 Lipa,
1022 2178 1223 2225 Capitaneus
1250 2177 1415 2221 Morauie,
1450 2178 1560 2223 Regni
1589 2177 1725 2211 Bocmie
1755 2174 1909 2209 Sunnnus
1938 2174 2179 2218 Marschalcus,

313 2242 490 2282 vniucrsis,
522 2239 560 2273 ad
591 2251 674 2285 quos
704 2245 878 2285 pri-sentes
907 2243 1122 2286 peruenerint
1150 2240 1304 2274 volumus
1331 2238 1409 2274 ’0550
1438 2244 1562 2281 notum,
1592 2237 1661 2272 Nos
1690 2236 1830 2281 obligari
1860 2240 1891 2270 et
1920 2239 2025 2271 teneri
2060 2235 2180 2271 lllustri

314 2300 467 2346 l’rincipi,
504 2300 648 2334 Domine
690 2299 873 2334 Elizabeth.
918 2301 1056 2335 11000110
1085 2305 1115 2335 ct
1146 2301 1282 2335 l’olonic
1312 2300 1477 2346 quondam
1506 2300 1648 2344 Regino,
1686 2300 1716 2331 in
1746 2298 1945 2343 Quingentis
1975 2296 2179 2342 SexagcniS,

314 2361 530 2402 l'ragensiuin
566 2372 775 2406 grossorum.
811 2373 893 2406 quas
927 2362 1023 2396 nobis
1057 2362 1097 2395 110
1133 2374 1191 2396 sua
1222 2366 1334 2408 parata
1365 2363 1505 2408 pecunia
1535 2361 1703 2394 mutuauit.
1741 2370 1799 2404 pro
1833 2358 1950 2404 quibus
1979 2357 2040 2392 sibi
2069 2358 2180 2392 villam

315 2427 460 2455 nostram
492 2422 685 2465 Rostanicz,
715 2433 788 2455 cum
819 2422 970 2456 omnibus
999 2427 1068 2457 51115
1097 2424 1323 2469 pertinencijs,
1355 2432 1562 2468 quocumque
1590 2424 1792 2453 censeantur
1808 2422 1954 2463 nominc,
1983 2421 2072 2453 omni
2100 2418 2181 2453 Jure

313 2487 345 2516 et
378 2483 535 2526 dominio,
571 2483 690 2528 quibus
726 2482 764 2516 ad
801 2494 862 2516 nos
904 2484 1100 2528 pertinebat,
1130 2484 1352 2524 vendidimus,
1382 2487 1414 2517 et
1443 2481 1544 2527 tytulo
1574 2492 1655 2514 vere
1685 2481 1894 2515 vendicionis
1923 2480 2092 2525 tradimus,
2122 2491 2182 2526 per

314 2546 418 2589 ipsam
456 2544 630 2578 tenendam
674 2549 706 2578 et
741 2544 981 2579 vtil'ruendain.
1023 2544 1103 2579 ,lure
1144 2545 1345 2579 hereditario
1383 2548 1416 2577 et
1456 2544 1689 2588 111-0011010110.
1732 2547 1892 2588 perpetuo
1934 2540 2181 2588 possidendam»

316 2604 548 2638 l'romittcntvs
578 2617 636 2651 pro
668 2605 762 2639 uobis
791 2610 823 2639 ct
852 2604 1028 2639 heredibus
1059 2609 1193 2649 nostris,
1223 2610 1337 2639 contra
1368 2603 1552 2638 huiusmodi
1583 2603 1816 2637 vendicionem
1852 2613 2029 2648 numquam
2064 2604 2181 2637 venire
