2357 3021
1101 161 1149 196 27

186 285 305 314 uentus
334 278 528 323 Mon-asterii
560 283 675 313 sancte
705 277 820 312 Crucis
851 281 880 311 in
913 276 1120 311 Dubraunik.
1150 277 1276 310 ordinis
1298 280 1403 310 sancti
1433 277 1613 322 Augustini
1642 280 1696 310 tue
1724 275 1882 313 diocesis.¹
1912 275 2065 322 precibus

187 342 332 382 inclinati
363 344 574 387 presencium
610 340 666 374 tibi
696 343 891 374 auctoritate
921 339 1128 374 mandamus.
1159 333 1310 384 quati'nus
1346 349 1385 372 ea
1423 349 1486 383 qne
1522 338 1563 371 de
1599 338 1695 372 lionis
1730 340 1833 384 ipsius
1867 336 2065 381 Monasterij

185 403 329 437 alienata
359 405 530 436 inueneris
572 402 694 445 illicite„
723 401 975 435 uel-distracta.
1006 400 1048 435 ad
1082 403 1132 435 ius
1168 404 1200 434 et
1231 402 1466 446 proprietatem
1503 399 1651 433 eiusdem
1686 399 1882 444 Monasterij
1920 399 2067 445 legitime

187 475 353 499 reuocare
382 474 557 510 procures.
589 462 861 497 Contradictores
891 474 950 509 per
978 473 1155 497 censuram
1184 453 1449 496 ecclesiasticam
1485 460 1715 507 appellacione
1750 463 1933 508 postposita
1969 471 2068 495 coni-

185 525 368 573 pescendO.
413 525 533 560 Testes
575 529 684 559 autem
714 527 768 570 qui
810 524 944 559 fuerunt
984 526 1144 558 nominati
1186 526 1214 558 si
1243 534 1280 558 se
1308 525 1437 569 gracia„
1481 522 1569 564 0d10„
1601 522 1653 556 uel
1683 525 1799 557 timore
1828 522 2067 561 subtraxerint„

185 599 328 622 censura
358 587 467 631 simili,
498 586 729 633 appellacione
757 590 919 621 cessante
941 585 1122 633 compellas
1144 587 1277 621 veritati
1298 587 1525 620 testimonium
1547 584 1736 631 perhibere.
1760 584 1882 618 Datum
1897 585 2068 619 Auinione

159 645 166 649 ⁷
184 649 228 684 X.
259 649 334 684 Kal.
363 648 494 694 Marcij7
524 647 738 683 Pontilicatus
768 650 871 682 nostri
900 648 1003 682 Anno
1034 647 1167 689 Quinto.
1743 646 1778 680 P.
1809 646 1849 681 de
1879 646 1961 681 Pon.

499 728 553 762 (Ex
578 727 704 763 originali
729 736 787 754 cum
812 728 882 754 bulla
908 728 1032 763 plumbea
1057 727 1082 754 in
1108 727 1219 754 archivo
1243 725 1361 754 civitatis
1386 726 1543 759 Brunensis,
1568 726 1599 754 Ο.
1626 726 1658 753 11.
1685 735 1710 753 n.
1740 726 1803 759 10.)

1056 832 1201 867 XXXV.

358 898 607 963 Reimnndus,
635 917 875 954 wenceslaus.
906 916 1009 951 Sniilo
1039 922 1071 952 et
1100 907 1228 957 Cenkoq
1258 917 1426 964 patrueles
1455 917 1496 951 de
1525 917 1762 963 Liclitenhurg.
1798 916 1941 952 liberant
1974 918 2068 953 cives

185 980 536 1016 Teuto-Brodens'es
579 983 694 1014 intuitu
735 982 879 1014 civitatis
921 979 1108 1013 muniendae
1152 979 1193 1013 ad
1234 979 1403 1014 X-annos
1446 979 1487 1013 ab
1518 982 1606 1013 omni
1651 982 1799 1014 servitio.
1831 982 2010 1014 exactione
2039 984 2071 1014 et

183 1043 334 1078 collecta.
364 1042 420 1077 Dt.
451 1042 540 1076 VIII.
571 1041 712 1076 Kalend.
742 1041 880 1088 Aprilis.
916 1041 1027 1076 1310.

499 1123 552 1155 (Ex
578 1122 704 1158 originali
730 1123 875 1149 membran.
901 1130 959 1148 cuin
985 1125 1100 1157 quatuor
1124 1121 1224 1157 sigillis
1248 1121 1274 1148 in
1299 1122 1410 1149 archivo
1434 1122 1555 1157 ejusdem
1582 1122 1699 1149 civitatis
1725 1122 1856 1149 desumsit
1881 1122 1914 1149 Α.
1940 1122 2069 1153 Boczek.i

1045 1231 1206 1267 XXXVI.

183 1294 374 1344 Joluinnes‚
404 1301 586 1345 episcopus
618 1299 865 1343 Utummensis7
896 1299 1047 1337 mandat„
1078 1299 1168 1345 quod
1184 1300 1360 1344 promissa
1381 1300 1558 1333 restitutio
1578 1299 1778 1344 μανι-00111113
1801 1300 1834 1333 in
1857 1298 2070 1345 Nz'ltolsbwy

237 1362 283 1396 ad
316 1363 561 1396 monasteriam
597 1361 825 1396 Clmm‘eense.
862 1373 961 1407 quam
991 1361 1163 1395 Henm'eus
1199 1362 1240 1395 de
1283 1360 1519 1395 Lieletenstein
1556 1362 1710 1395 dominus
1746 1363 1780 1395 z'n
1808 1361 2020 1407 Ne’colsbecry

253 1423 322 1458 dto.
354 1426 386 1458 in
416 1423 627 1469 Nieolsbmy
658 1425 690 1457 ῖη
722 1423 838 1469 ciye'le'a
869 1425 1136 1458 resurreetiom‘s
1165 1423 1293 1457 domiui
1321 1422 1433 1457 1310.
1461 1424 1558 1468 feeit,
1588 1422 1650 1457 sul)
1675 1435 1792 1468 poena
1821 1414 2002 1458 interdicti

993 1487 1133 1519 serrari
1159 1485 1271 1519 (lebet.
1298 1496 1301 1497 ’

361 1562 456 1617 Ros
484 1582 657 1617 Johannes
701 1583 753 1617 dei
788 1586 903 1629 gracia
941 1582 1176 1618 ([)l(›iiuice11sis
1218 1586 1397 1630 episcopus
1439 1588 1551 1617 notum
1591 1594 1668 1617 esse
1710 1586 1861 1629 cupimus
1903 1585 2073 1617 vnitiersis

186 1647 397 1691 presencium
428 1644 553 1678 litteras
584 1647 796 1691 inspecturis„
827 1645 912 1691 quod
943 1648 1085 1679 veniens
1115 1645 1154 1679 ad
1185 1656 1246 1679 nos
1277 1645 1454 1690 religiosus
1483 1648 1536 1679 vir
1564 1644 1667 1679 frater
1693 1644 1853 1688 Jacohus5
1885 1647 2068 1678 canonicus

185 1706 351 1751 regularis
381 1709 577 1740 monasterii
608 1706 839 1750 Cliunicensis,
870 1707 1190 1741 Preinonstratensis
1218 1707 1357 1748 ordinis,
1388 1712 1420 1741 et
1449 1707 1534 1741 dicte
1564 1711 1676 1741 nostre
1705 1706 1876 1753 dyocesisq
1906 1705 2069 1752 plebanus

187 1767 228 1802 de
255 1767 504 1814 Nycolspurch.
535 1768 677 1814 quedam
707 1768 803 1801 nohis
832 1769 1008 1814 priuilegia
1038 1768 1189 1803 exhibuit
1222 1780 1289 1802 non
1325 1769 1509 1803 cancellata
1545 1780 1610 1803 non
1645 1768 1767 1802 abolita
1804 1779 1870 1802 nec
1898 1771 1930 1802 in
1960 1768 2070 1814 aliqua

186 1834 280 1876 parte
310 1832 359 1863 sui
389 1832 542 1875 corporis
564 1832 686 1863 viciata
717 1841 790 1863 cuin
821 1832 960 1875 integris
989 1835 1020 1864 et
1049 1834 1140 1865 veris
1169 1831 1286 1876 sigillis
1316 1842 1355 1864 ac
1384 1830 1648 1877 dependentibus
1679 1830 1823 1875 sigillata
1852 1835 1970 1876 petens
1997 1829 2073 1864 dicti

187 1894 383 1926 monasterii
425 1894 475 1926 sui
512 1890 733 1926 Chunicensis
770 1904 810 1925 ac
845 1903 905 1925 suo
941 1895 1076 1926 nomine
1111 1892 1229 1926 eadem
1265 1892 1439 1938 priuilegia
1475 1896 1507 1926 et.
1541 1897 1696 1926 contenta
1733 1895 1765 1926 in
1801 1894 1882 1938 ipsis
1917 1903 1978 1938 per
2012 1903 2074 1926 nos

191 1952 360 1995 ratificari,
390 1953 593 1989 confirmari.
637 1965 677 1987 ac
706 1965 792 2000 pene
835 1953 1031 1987 adieccione
1073 1953 1203 1995 vallari,
1247 1957 1393 2000 ipsorum
1437 1958 1547 1988 autem
1590 1954 1841 2000 priuilegioruin
1884 1958 1981 1988 tenor
2015 1965 2075 2000 per

187 2018 299 2049 omnia
331 2015 406 2049 talis
435 2019 508 2049 erat
538 2043 544 2049 .
577 2043 584 2049 .
629 2015 665 2057 In
695 2019 829 2049 nomine
860 2015 982 2049 domini
1019 2026 1127 2049 amen.
1172 2015 1226 2049 Ad
1255 2020 1449 2062 perpetuam
1478 2018 1526 2050 rei
1556 2019 1764 2054 memoriam„
1806 2015 1878 2051 Nos
1906 2015 2074 2050 Hem-icus

189 2076 294 2111 dictus
324 2076 365 2111 de
399 2076 626 2111 Lichtenstein
662 2081 694 2111 et
730 2077 876 2112 Petrissa
912 2080 1060 2111 coniunx
1088 2077 1249 2112 eiusdem.
1284 2077 1407 2112 domini
1442 2081 1542 2112 castri
1576 2090 1616 2112 ac
1644 2061 1872 2113 vniuersitatis
1908 2078 2074 2112 bonorum

192 2138 233 2172 de
261 2138 497 2185 Nycolspurch
540 2143 657 2173 tenore
700 2141 910 2185 presencium
954 2144 1067 2173 notum
1108 2139 1249 2174 facimus
1277 2143 1459 2181 vniuersisq
1503 2140 1589 2186 quod
1625 2152 1699 2174 cuni
1741 2145 1887 2175 vacante
1930 2140 2073 2175 ecclesia

190 2199 390 2246 parrochiali
419 2203 452 2234 in
481 2203 554 2247 ipso
583 2200 817 2247 Nycolspurcli
847 2212 907 2247 per
934 2206 1074 2235 mortem
1110 2201 1220 2236 fratris
1255 2201 1439 2249 VVoyzlay.
1476 2205 1630 2236 canonici
1665 2203 1843 2244 regularis.
1880 2204 2073 2236 monasterii

196 2260 430 2305 Cliunicensis‚
474 2262 600 2297 ordinis
636 2262 967 2298 Prcnionstratensis.
1004 2275 1067 2298 nos
1101 2263 1276 2298 credentes
1313 2267 1362 2298 ius
1396 2269 1592 2311 patronatus
1634 2264 1782 2298 eiusdem
1821 2263 1998 2310 parrochie
2034 2263 2074 2297 ad

190 2334 252 2357 nos
281 2326 352 2357 iure
381 2327 549 2357 communi
578 2328 744 2370 tamquam
775 2324 814 2358 ad
845 2327 1073 2368 vnffiuersitatis
1102 2325 1254 2360 dominos
1283 2329 1462 2372 pertinere„
1492 2326 1613 2361 fratres
1650 2326 1913 2377 alios-eiusdem
1949 2337 2073 2359 inona-

189 2387 283 2419 sterii
313 2383 533 2420 Chunicensis
562 2389 759 2420 auctoritate
789 2389 922 2432 propria
952 2398 970 2420 a
1001 2390 1217 2432 possessione
1246 2390 1463 2422 eiecisscinus
1492 2388 1640 2422 eiusdem
1678 2387 1855 2434 parrochie
1890 2387 2071 2433 corporali.

189 2446 278 2480 hona
308 2446 393 2480 dotis
422 2451 487 2480 tam
516 2447 649 2481 mobilia
679 2459 775 2494 quani
807 2448 985 2482 innnoliilia
1015 2448 1248 2483 nichilominus
1277 2450 1481 2496 vsurpando.
1513 2461 1575 2484 nec
1604 2450 1740 2484 fratrem
1769 2449 1933 2483 ¹lacohunl
1962 2460 2075 2483 cano-

190 2510 300 2542 nicum
330 2508 521 2553 regularem
550 2512 742 2544 monasterii
773 2514 806 2543 et
835 2509 961 2543 ordinis
991 2510 1215 2556 predictorum
1245 2510 1285 2545 ad
1314 2515 1606 2558 presentacionein
1636 2514 1794 2558 prepositi
1825 2516 1858 2545 et
1886 2515 2074 2545 conuentus

190 2570 339 2609 eiusdem
369 2573 564 2604 monasterii
595 2570 825 2606 Clninicensis.
856 2583 917 2618 pro
952 2576 1083 2606 rectore
1119 2574 1149 2605 in
1186 2572 1302 2607 eadem
1339 2574 1568 2607 confirmatum
1603 2574 1642 2607 ad
1680 2576 1933 2619 possessiijineni
1971 2575 2074 2619 ipsius

189 2630 366 2678 parrochie
408 2631 571 2666 vellemus
614 2633 787 2667 admittere
823 2634 1045 2679 corporalem„
1083 2638 1232 2680 petentes
1269 2640 1301 2669 et
1337 2635 1489 2669 volentes
1526 2635 1564 2669 ad
1603 2638 1884 2681 presciitationem
1924 2639 2071 2669 nosti-ain

190 2704 249 2739 pro
278 2697 410 2727 rectore
440 2696 543 2740 ipsius
572 2694 670 2728 alium
699 2694 890 2729 contii-mari
919 2700 951 2729 et
979 2694 1021 2729 ol)
1051 2694 1114 2729 hoc
1142 2695 1259 2731 suisset
1289 2702 1404 2730 contra
1436 2708 1496 2731 nos
1527 2708 1586 2743 per
1619 2696 1842 2730 reuerendum
1880 2699 1910 2730 in
1942 2696 2074 2731 Clu-isto

1828 2757 1864 2787 ⁴*
