2357 3021
1082 179 1131 214 45

163 301 197 331 et
222 294 393 343 prebende
421 295 645 342 predictorum
675 307 715 330 ac
743 299 997 346 susceptionem
1026 295 1067 329 ab
1097 295 1215 330 eodem
1245 300 1338 342 patre
1367 307 1428 331 suo
1458 297 1726 332 Subdiaconatus
1757 299 1908 334 ordinem
1943 303 2049 345 geni-

162 362 235 392 tura
262 369 323 404 per
351 357 514 392 dictorum
543 357 770 404 depositiones
806 360 939 392 testium
976 357 1072 392 nobis
1107 360 1255 391 constitit
1289 357 1466 392 evidenter
1500 359 1608 393 eidem
1642 360 1740 394 Petro
1776 361 1912 405 clerico,
1949 373 2048 407 quem

161 423 318 465 tanquam
348 419 508 464 legittime
537 423 649 453 natum
678 423 711 453 et
739 418 821 453 alias
850 423 988 466 propter
1029 431 1087 453 sua
1118 422 1235 453 merita
1277 424 1470 466 reputamus
1511 420 1680 466 ydoneum
1710 422 1751 456 ad
1779 423 2047 458 ecclesiasticum

160 480 358 515 beneficium
396 480 622 523 obtinendum.
658 480 840 515 liberaliter
873 480 1078 527 prebendam
1115 480 1320 515 conferimus
1357 481 1570 517 antedictam.
1607 494 1647 517 ac
1682 486 1789 530 ipsum
1824 484 2046 529 declaramus,

161 542 312 586 dicimus,
343 547 375 577 et
403 545 665 589 pronunciamus
688 541 728 577 de
753 542 916 587 legittimo
939 545 1150 577 matrimonio
1181 555 1257 577 esse
1280 548 1404 586 natum.v
1428 543 1618 590 nullumque
1640 547 1673 579 in
1695 545 1859 580 natalibus
1882 550 2047 581 sustinere

161 603 339 639 defectum.
369 603 407 638 In
436 607 530 638 cuius
557 606 607 638 rei
636 606 862 638 testimoninm
899 609 930 638 et
966 604 1105 651 predicti
1139 604 1227 639 Petri
1270 605 1383 639 clerici
1419 606 1583 640 cautelam
1618 611 1794 652 presentes
1829 608 1891 642 sihi
1929 608 2046 643 damus

160 666 285 701 litteras
314 671 430 701 nostro
459 665 568 711 sigillo
597 667 752 699 munitas.
782 665 904 700 Datum
933 666 1042 712 Prage
1071 677 1160 701 anno
1189 666 1323 701 Domini
1352 667 1527 702 millesimo
1557 667 1785 703 ducentesimo
1814 673 2046 716 octuagesimo

159 731 301 775 septimo
330 727 388 762 Vl.
417 727 589 762 Kalendas
626 726 794 762 Octobris.
838 727 1023 762 Indictione
1051 731 1170 775 prima.
1212 728 1428 763 Pontificatus
1471 732 1575 764 nostri
1604 730 1706 764 Anno
1735 729 1845 765 Nono.
1890 731 2046 766 Ceterum

158 791 314 825 volumus
343 794 375 824 et
403 789 522 824 eadem
551 792 748 824 auctoritate
777 789 1003 834 decernimus.
1040 790 1127 837 quod
1163 794 1260 824 tenor
1292 790 1481 826 huiusmodi
1515 794 1564 826 sic
1600 794 1744 826 insertus
1779 792 1912 838 plenam
1948 793 2047 828 fidem

159 857 200 887 et‘
219 851 451 899 probationem
480 851 583 886 faciat
610 856 677 885 tam
715 854 747 886 in
784 851 917 896 iudicio,
954 863 1053 898 quam
1089 857 1185 886 extra
1220 851 1388 895 iudicium.
1425 856 1556 888 etiamsi
1591 853 1677 888 dicte
1713 853 1904 899 Originales
1940 855 2046 890 littere

158 917 264 961 ipsius
291 913 450 960 Episcopi
479 912 589 948 Tobie
617 913 806 948 nullatenus
835 918 1048 960 apparerent.
1079 925 1142 948 nec
1171 917 1271 949 etiam
1307 913 1521 949 haberentur.
1559 926 1621 949 nec
1655 918 1695 949 sit
1731 927 1874 950 necesse
1903 916 1975 951 illas
2004 917 2046 951 de

158 980 275 1010 cetero
311 974 521 1021 aliquatenus
555 974 720 1010 exhiberi.
757 974 844 1009 Nulli
881 980 944 1010 etc.
979 975 1253 1019 confirmationis.
1291 976 1522 1023 suppletionis,
1559 977 1750 1021 voluntatis.
1787 981 2043 1013 constitutionis.

157 1037 279 1072 Datum
320 1040 353 1071 in
382 1037 534 1071 Prioratu
577 1037 618 1072 de
655 1036 831 1071 Grausello
875 1048 980 1084 prope
1008 1036 1244 1072 Malansanam
1273 1037 1497 1073 Vasionensis
1526 1038 1682 1074 Diocesis
1725 1043 1821 1074 tertio
1863 1039 1940 1074 Idus
1967 1040 2045 1074 Julii

157 1100 260 1134 Anno
288 1099 450 1146 Septimo.

470 1167 524 1200 (Ex
551 1167 722 1201 autographo
749 1167 870 1201 Regesio
896 1167 1045 1193 Clementis
1070 1176 1146 1202 papae
1171 1167 1203 1194 V.
1231 1166 1292 1193 anni
1317 1167 1375 1194 vti.
1401 1167 1481 1202 epist.
1516 1167 1588 1195 931.
1614 1177 1640 1203 p.
1670 1167 1728 1196 195
1761 1169 1786 1195 in
1812 1169 1961 1196 Tabulariis
1985 1169 2045 1196 Va-

576 1219 673 1246 ticanis
698 1219 818 1255 copiavit
843 1220 889 1247 Dr.
914 1220 943 1247 B.
970 1220 1082 1255 Dudik.)

159 1383 326 1418 Clemens.
353 1395 450 1429 papa
487 1383 523 1417 Γ.
555 1384 713 1417 eom-edil
743 1383 863 1418 Pelso.
894 1383 1006 1418 eleeto
1038 1384 1260 1418 (Momueeuse'
1285 1386 1460 1430 episcopo.
1492 1385 1583 1430 quod
1610 1386 1642 1418 iu
1674 1385 1870 1419 relevamen
1901 1388 2044 1431 episco-

151 1449 257 1491 patus
285 1447 341 1480 sui
362 1447 632 1491 praeposituras.
669 1447 908 1489 canonicatus.
935 1445 1142 1491 praebendas
1164 1450 1199 1481 et
1221 1446 1436 1481 obedientias
1459 1451 1565 1480 antea
1587 1446 1727 1481 habitas
1753 1459 1818 1492 per
1846 1448 2044 1482 decennium

155 1519 177 1541 a
205 1511 370 1552 suscepta
392 1509 659 1542 consecratione
681 1505 834 1542 relinere
857 1511 988 1553 polest.
1011 1507 1073 1542 Dc.
1099 1509 1131 1542 ἰ1ι
1153 1508 1323 1543 Prioratu
1346 1509 1388 1543 de
1411 1508 1597 1543 (un-ansello
1621 1509 1691 1543 III.
1718 1509 1799 1543 Idus
1820 1510 1909 1544 Julii
1930 1509 2042 1544 1312.

332 1584 512 1639 Clemens
547 1604 735 1651 Episcopus
772 1605 901 1639 Servus
937 1605 1124 1640 Servorum
1155 1605 1219 1640 Dei
1247 1606 1378 1640 Dilecto
1420 1606 1506 1641 Filio
1542 1606 1639 1641 Petro
1674 1606 1790 1641 Electo
1825 1606 2042 1641 Olomucensi

155 1666 304 1700 Salutem
333 1670 365 1700 et
393 1666 627 1712 Apostolieam
663 1666 950 1702 Benedictionem.
996 1666 1098 1702 Grata
1135 1667 1326 1702 devotionis
1362 1668 1481 1711 studia.
1519 1668 1637 1714 quibus
1673 1668 1788 1702 sedem
1825 1668 2044 1714 apostolicam

153 1730 335 1775 revereris.
366 1732 399 1762 et
426 1727 619 1774 multiplicia
649 1732 777 1762 tuarum
807 1728 893 1763 dona
923 1732 1081 1763 virtutum
1110 1734 1309 1776 exposcunt.
1332 1734 1367 1764 ut
1387 1735 1418 1764 te
1438 1735 1471 1764 et
1500 1730 1760 1764 olomucensem
1781 1729 1960 1764 ecclesiam
1989 1730 2043 1764 illa

153 1792 262 1836 gratia
292 1800 547 1836 prosequamur.
578 1801 676 1835 quam
706 1792 769 1823 tuis
805 1795 837 1824 et
871 1791 1022 1825 eiusdem
1059 1791 1204 1826 ecclesie
1240 1791 1497 1826 necessitatibus
1530 1791 1603 1826 sore
1639 1791 1805 1826 credimus
1841 1796 2040 1838 opportuna.

154 1851 272 1887 Petilio
301 1851 464 1897 siquidem
495 1855 548 1885 tua
578 1851 674 1886 nobis
704 1851 852 1885 exhibita
881 1852 1085 1896 continebat.
1109 1853 1196 1898 quod
1219 1852 1442 1899 Episcopatus
1468 1852 1702 1887 01001110011515
1731 1853 1816 1887 adeo
1846 1856 1879 1887 in
1908 1857 2044 1900 tempo-

153 1913 279 1948 ratibus
321 1917 371 1947 est
413 1913 595 1960 collapsuS,
639 1913 726 1958 quod
769 1916 829 1947 vix
858 1913 994 1948 adicere
1036 1917 1155 1960 poterit
1190 1919 1223 1947 ut
1257 1919 1422 1959 resurgat.
1468 1914 1695 1956 Quamobrem
1736 1915 1834 1949 nobis
1876 1914 2042 1950 humiliter

155 1975 360 2022 supplicasti.
391 1979 423 2009 ut
454 1978 485 2009 in
516 1974 725 2009 relevamine
760 1975 986 2022 Episcopatus
1021 1975 1171 2010 eiusdem
1207 1975 1386 2022 providere
1419 1975 1475 2010 tibi
1511 1976 1551 2010 de
1586 1981 1774 2023 opportune
1811 1976 2043 2012 subventionis

154 2037 280 2072 auxilio
315 2037 543 2082 dignaremur.
578 2036 649 2071 Nos
683 2040 784 2083 igitur
816 2040 880 2071 tuis
915 2037 1211 2084 supplicationibus
1246 2037 1393 2072 inclinati
1422 2038 1654 2085 Preposituras
1690 2049 1773 2084 quas
1808 2041 1841 2073 in
1875 2039 2039 2084 Pragensi

153 2103 187 2134 et
225 2098 518 2145 wissegradensi.
549 2110 589 2133 ac
620 2098 845 2133 Canonicatus
874 2104 905 2133 et
934 2098 1137 2146 prebendas.
1168 2111 1251 2145 quos
1293 2102 1325 2133 in
1360 2099 1478 2134 cadem
1507 2100 1671 2146 Pragensi
1704 2100 1979 2135 &Vratislaviensi
2009 2106 2042 2136 et

155 2160 317 2196 Saccensi
347 2172 387 2195 ac
416 2160 646 2195 Obedientias.
677 2172 760 2206 quas
783 2163 814 2195 in
838 2164 917 2207 ipsis
940 2161 1102 2205 I'ragensi
1126 2160 1406 2207 u'issegradensi
1428 2166 1460 2196 et
1483 2162 1645 2196 Sacccnsi
1669 2162 1822 2197 ecclesiis
1857 2162 2039 2207 Pragensis

155 2222 300 2257 diocesis
342 2222 484 2257 obtines.
529 2222 585 2257 tibi
629 2234 688 2269 per
729 2223 927 2257 decennium
970 2227 1043 2270 post
1086 2227 1215 2269 tempus
1257 2223 1460 2270 suscipiendi
1502 2236 1521 2258 a
1564 2228 1595 2258 10
1625 2227 1892 2259 consecrationis
1920 2235 2040 2259 munus

158 2287 355 2319 auctoritate
399 2285 583 2331 apostolica
628 2285 668 2319 (10
698 2285 834 2331 speciali
878 2285 966 2319 dono
1009 2288 1117 2329 gratie
1160 2296 1386 2320 reservamus.
1430 2285 1478 2320 Ita
1508 2286 1596 2332 quod
1633 2286 1704 2321 illos
1734 2289 1865 2320 interim
1893 2289 2040 2320 retinere

155 2346 243 2380 licite
272 2346 389 2381 valeas
418 2349 503 2381 sicut
532 2350 636 2393 prius.
667 2359 706 2381 ac
737 2350 766 2381 10
791 2347 998 2381 relevamine
1028 2348 1130 2393 ipsius
1158 2346 1391 2382 Oloniuccnsis
1412 2348 1647 2395 Episcopatus.
1670 2348 1807 2382 fructus.
1832 2347 1978 2382 redditus
2008 2351 2041 2381 et

155 2411 339 2454 proventus
367 2411 544 2455 percipere
587 2420 632 2443 ex
661 2409 799 2443 eisdem.
847 2408 1079 2443 Decernentcs
1122 2420 1166 2442 ex
1196 2420 1282 2443 nnnc
1312 2412 1438 2444 irritum
1467 2415 1499 2444 et
1529 2413 1628 2444 inane
1664 2413 1690 2444 si
1720 2421 1819 2443 secus
1848 2420 1949 2455 super
1978 2408 2040 2443 biis

155 2482 173 2504 a
203 2480 369 2515 quoquam
399 2473 518 2515 quavis
548 2474 745 2505 auctoritate
775 2473 955 2515 contigerit
984 2473 1181 2516 attemptari.
1211 2470 1287 2505 Non
1317 2471 1525 2506 obstantibus
1547 2472 1717 2517 generalis
1739 2471 1877 2505 Concilii
1906 2475 1938 2504 et
1967 2470 2040 2504 aliis

153 2531 417 2577 quibuscumque
446 2532 738 2567 constitutionibus
768 2535 798 2566 in
830 2535 1031 2567 contrarium
1068 2531 1165 2566 editis
1199 2544 1259 2567 500
1294 2533 1558 2579 quibuscumque
1594 2536 1722 2568 statutis
1759 2538 1789 2567 et
1819 2532 2041 2567 consuctudi—

154 2593 251 2627 nibus
293 2595 468 2627 contrariis
511 2594 731 2628 ecclcsiarum
775 2594 1010 2641 predictarum.
1056 2596 1253 2638 iuramento.
1301 2595 1556 2629 confirmatione
1604 2595 1694 2629 sedis
1737 2594 1931 2640 apostolice.
1979 2606 2040 2628 seu

154 2666 365 2700 quacumque
395 2654 548 2689 1111011010
577 2656 640 2689 alia
671 2656 850 2699 roboratis.
887 2661 941 2690 ant
975 2656 1241 2702 quibuscumque
1274 2657 1461 2703 privilegiis
1497 2657 1710 2694 indulgentiis
1747 2660 1778 2689 ct
1808 2656 1922 2690 litteris
1951 2666 2041 2702 apo-

153 2717 279 2751 stolicis
309 2715 526 2761 generalibus
557 2717 611 2751 vel
641 2718 854 2763 specialibus.
885 2718 926 2753 de
955 2717 1075 2764 quibus
1105 2729 1311 2764 quorumque
1336 2721 1417 2753 ‘totis
1447 2718 1617 2752 tenoribus
1647 2717 1687 2751 (le
1707 2717 1813 2751 verbo
1835 2717 1876 2751 ad
1899 2717 2040 2752 verbum
