2325 2941
1210 123 1283 158 39‘2

317 243 437 283 viensi.
467 242 583 273 castris
612 238 747 272 Ronow
775 237 922 284 Oysvino
951 243 983 272 et
1011 237 1224 281 Schonhucl„
1257 238 1355 281 villis,
1384 237 1530 281 Jurihus,
1567 239 1700 273 domino
1734 238 1951 285 pheudalibus
1989 240 2175 275 homiuibus

317 306 347 335 et
377 312 490 335 eorum
519 302 734 345 pertinenciis
762 302 939 339 universis„
970 304 1000 333 et
1029 299 1233 344 generaliter
1266 310 1341 332 cum
1369 299 1521 334 omnibus
1551 302 1611 343 eis7
1641 311 1716 333 cum
1744 299 1862 346 quibus
1891 303 1961 346 ipse
1990 300 2176 345 hujusmodi

319 373 422 406 usque
452 372 539 394 nunc
568 363 670 394 tenuit
706 364 737 394 et
771 360 937 406 possedit.
981 371 1024 394 ex
1059 364 1149 393 certa
1185 364 1298 393 nostra
1327 362 1479 403 scientia,
1515 365 1641 403 nostro„
1684 360 1844 394 heredum
1873 372 1912 394 ac
1940 372 2175 396 successorum

316 427 502 456 nostrorum
532 424 677 455 nomine.
707 424 983 455 commutavimus
1013 425 1044 454 et
1072 425 1309 466 permutamus,
1347 425 1380 454 et
1407 421 1641 455 commutando
1671 424 1703 455 in
1739 421 1970 455 concambium
2001 421 2115 457 damus
2143 427 2175 457 et

316 482 474 517 dedimus.
506 482 697 516 tradidimus
726 487 757 516 et
785 482 954 516 tradimus.
986 493 1045 527 per
1067 484 1172 527 ipsum
1202 481 1383 515 Henricum
1405 485 1437 515 et
1465 481 1606 516 heredes
1637 493 1676 516 ac
1698 493 1913 516 successores
1942 492 2032 525 suos,
2060 486 2176 528 possi-

315 543 469 577 dendum.
499 542 579 576 Jure
607 542 808 576 hereditario
837 547 998 588 perpetuo
1027 547 1059 576 et
1088 542 1276 576 tenendum.
1308 541 1566 577 Transfereutes
1602 545 1634 576 in
1663 545 1769 589 ipsum
1798 542 1990 586 Henrieum‚
2029 542 2174 578 heredes

314 616 352 637 ac
381 615 599 637 successores
628 614 722 641 suos„
753 614 851 637 omne
880 603 1073 645 dominium,
1103 614 1236 637 omnem
1264 606 1499 649 proprietatem
1529 608 1562 637 et
1590 606 1702 637 omnia
1723 603 1816 646 Jura,
1847 614 1910 649 que
1939 603 2036 637 nobis
2065 603 2172 638 here—-

315 664 408 699 dibus
444 676 482 698 ac
526 664 782 698 successoribus
823 667 945 698 uostris
982 667 1015 698 in
1052 664 1174 710 oppido
1216 668 1248 698 et
1282 664 1360 699 villa
1394 664 1552 710 predictis
1586 669 1617 698 et
1651 668 1720 698 suis
1761 667 1969 710 pertinemus
2010 667 2176 699 universis

313 730 501 772 competunt
531 730 586 759 aut
614 730 751 772 possent
779 730 971 771 competere
1000 725 1185 770 aliqualiter
1212 728 1245 758 iu
1273 724 1428 768 futurum,
1459 725 1576 767 taliter,
1607 725 1694 770 quod
1722 728 1793 771 ipse
1822 725 1998 769 Henricus‚
2034 725 2177 760 heredes

314 792 342 821 et
373 798 590 820 successores
632 789 683 820 sui
711 786 865 832 oppidum
901 791 932 820 et
967 786 1077 820 villam
1112 786 1260 832 predicta
1298 785 1458 829 venderQ
1503 786 1651 820 alienare
1680 789 1711 820 iu
1740 791 1842 820 totum
1877 786 1933 820 vel
1960 789 1993 820 iu
2022 790 2117 832 parte
2145 791 2178 821 et

313 849 352 881 de
382 851 460 894 ipsis
490 853 644 893 tauquam
674 848 714 881 de
743 858 779 881 re
809 859 868 881 sua
897 850 1029 893 propria
1051 850 1179 893 possint
1207 847 1386 893 disponere
1415 858 1474 893 pro
1504 858 1564 881 suo
1587 847 1677 881 libito
1705 847 1896 881 voluntatis.
1926 847 2176 882 Renunciautes

312 921 476 955 expresse
506 913 536 942 et
565 920 608 942 ex
637 913 726 942 certa
763 912 875 942 nostra
905 911 1056 950 scientia.r
1094 913 1209 942 nostro
1239 920 1278 942 ac
1307 908 1467 942 heredum
1496 919 1535 942 ao
1564 920 1799 942 successorum
1827 913 2015 943 nostrorum
2043 911 2177 943 nomine

312 973 342 1004 iu
372 973 537 1006 intem-um
568 972 776 1011 restitutioni.
821 969 896 1003 dolo
925 974 956 1003 et
985 972 1017 1003 in
1045 969 1167 1003 factum
1210 972 1352 1005 accioni,
1389 969 1596 1015 decepcioni,
1638 970 1725 1004 vltra
1762 969 1932 1003 dimidium
1962 971 2042 1014 justi
2071 972 2175 1016 precii

269 1036 275 1047 ¹
313 1036 343 1065 et
373 1034 461 1064 omni
500 1031 563 1064 alio
598 1030 687 1064 Juris
717 1030 852 1072 auxilio,
896 1041 960 1075 quo
985 1032 1097 1075 juvari
1140 1042 1316 1076 possemus
1352 1030 1393 1064 ad
1420 1042 1488 1064 nou
1530 1030 1708 1064 tenendum
1736 1030 1793 1065 vel
1820 1042 1886 1065 uon
1929 1030 2176 1065 observandum

312 1095 420 1126 onmia
458 1091 644 1137 supradicta
678 1092 733 1125 vel
776 1091 907 1137 aliquod
941 1102 985 1125 ex
1014 1091 1150 1125 eisdem.
1194 1091 1230 1125 Iu
1272 1093 1367 1136 cujus
1400 1094 1449 1125 rei
1477 1094 1698 1125 testimouium
1739 1096 1935 1138 praesentes
1963 1092 2076 1126 literas
2105 1086 2174 1125 fieri

314 1159 342 1186 et
380 1153 497 1197 sigillis
532 1154 714 1197 majestatis
756 1157 893 1186 nostrae
927 1154 1086 1197 jussimus
1128 1155 1335 1186 communiri.
1378 1152 1499 1186 Datum
1533 1152 1681 1197 pragae.
1719 1164 1779 1199 per
1819 1164 1936 1187 manus
1972 1151 2176 1187 venerabilis

310 1214 471 1248 Johanuis
501 1214 796 1259 wissegradensis
832 1214 1006 1260 Prepositi,
1044 1213 1154 1259 Regni
1186 1213 1345 1247 Boeiniae
1374 1213 1581 1248 cancellarii.
1620 1213 1782 1260 Principis
1816 1217 1918 1248 nostri
1956 1213 2076 1258 dilecti,
2112 1212 2176 1248 ΙΙΙ0

311 1275 425 1309 Nonas
461 1274 680 1321 Septembris.
720 1275 820 1308 Auno
848 1274 981 1309 Domini
1016 1274 1191 1309 Millesimo
1227 1275 1478 1309 Trecentesimo
1508 1274 1648 1309 Decimo
1688 1276 1824 1321 (nouo).
1853 1275 2049 1320 Regnorum
2088 1286 2172 1309 vero

311 1341 497 1370 nostrorum
529 1338 627 1369 Anno
657 1347 758 1369 nono.

622 1424 755 1455 [Pesehek
780 1424 941 1450 Geschichte
966 1424 1013 1450 der
1036 1424 1113 1450 stadt
1141 1424 1227 1450 Zittau
1252 1425 1279 1451 S.
1306 1425 1376 1453 673.
1402 1425 1466 1452 Boii.
1493 1435 1517 1452 n.
1545 1425 1624 1452 xvii.
1648 1425 1714 1451 uach
1740 1424 1799 1451 dem
1823 1424 1900 1459 Orig.
1926 1424 1974 1450 des
2001 1424 2026 1451 k.
2053 1424 2078 1451 k.
2105 1425 2168 1458 geh.

726 1477 817 1502 ilaus-
843 1477 912 1502 llol'-
938 1477 989 1503 und
1015 1477 1230 1503 siaatsarctnves
1255 1486 1286 1503 zu
1311 1477 1416 1509 W'ien.)

310 1661 498 1693 Hem-iens.
537 1661 607 1693 «lus
639 1660 843 1694 Corinthiam
883 1662 1033 1694 iioniiuat
1062 1664 1312 1705 procuratores
1350 1661 1396 1695 ml
1427 1661 1630 1699 Johmmem,
1667 1672 1780 1705 reqem
1815 1660 2002 1704 Boheim‘oe,
2038 1662 2170 1701 missos,

309 1724 367 1766 qni
403 1723 573 1766 recipiant
608 1721 836 1765 oliliyationes
873 1733 977 1766 snper
1017 1722 1227 1765 desessquatmn
1260 1722 1342 1766 filice
1379 1735 1449 1756 seue
1490 1723 1681 1756 dotalitium
1718 1724 1750 1755 in
1787 1733 1892 1767 reqno
1927 1721 2102 1756 Boleeme‘ae
2136 1724 2170 1754 e!

632 1782 870 1816 marchionatu
898 1783 1076 1817 Mol-avite.
1109 1783 1167 1817 Di.
1204 1783 1317 1828 Tyron
1348 1784 1402 1817 die
1432 1783 1492 1818 [Γ.
1524 1783 1705 1817 Deeemhr.
1739 1782 1850 1817 1327.

481 1859 570 1913 Axos
593 1878 756 1913 llenricus
786 1884 848 1913 etc.
874 1882 1150 1924 recognoscimus
1180 1891 1240 1925 per
1259 1884 1445 1926 presentes.
1477 1884 1507 1913 et
1528 1883 1615 1913 seire
1644 1879 1797 1913 volumus
1817 1881 2000 1920 uniuersos„
2031 1888 2170 1923 quorum

308 1943 472 1973 inter-rest.
503 1940 589 1984 quod
619 1940 847 1974 honorabilem
876 1940 993 1974 Virum
1013 1940 1211 1985 Magistrum
1241 1941 1419 1975 Heuricum
1441 1943 1644 1987 prepositum
1674 1940 1714 1974 de
1736 1937 2004 1974 Volchenmarch
2027 1938 2171 1973 Protho-

308 2003 470 2034 uotarium
492 2006 640 2034 nostruin
671 2006 700 2035 et
724 2001 852 2035 fidelem
882 2006 1030 2035 nostrum
1052 2001 1288 2035 Yolclnnarum
1311 2002 1351 2036 de
1373 2001 1543 2036 Purchstal
1566 2005 1775 2048 presencium
1805 2000 2009 2035 exhibitores
2031 1999 2171 2034 fecimus

307 2066 335 2094 et
366 2061 611 2097 ordinavimus.
648 2067 679 2095 et
709 2065 939 2096 constituimus
978 2067 1111 2097 nostros
1140 2063 1378 2097 Procuratores
1413 2067 1445 2097 et
1474 2062 1622 2096 Nuneios
1652 2062 1815 2108 speciales
1852 2060 1891 2094 ad
1931 2060 2109 2106 petendam
2139 2065 2171 2096 et

308 2122 529 2168 recipiendam
559 2122 600 2155 ab
644 2123 771 2157 Illustre
807 2123 950 2157 Domino
991 2123 1146 2158 ,iohanne
1183 2124 1310 2158 Comite
1346 2124 1630 2169 buxeduli-geum
1672 2122 1887 2157 sufficientem
1928 2121 2169 2156 tidciiissoriain

309 2187 495 2217 cautionem
526 2195 584 2229 pro
614 2187 753 2230 pecunia
784 2196 843 2230 per
871 2196 944 2218 euni
975 2184 1070 2219 uobis
1100 2185 1208 2219 dehita
1238 2189 1269 2219 ct
1298 2188 1474 2231 promissa,
1504 2188 1587 2219 sicut
1616 2188 1747 2218 constat
1775 2185 1843 2216 suis
1873 2185 2109 2226 instrumentis,
2138 2187 2171 2216 et

308 2244 435 2277 Litteris
466 2244 610 2290 desuper
638 2244 732 2278 uobis
762 2245 860 2279 datis:
890 2250 922 2279 et
951 2246 991 2279 ad
1021 2246 1246 2292 recipiendum
1276 2249 1351 2280 vice
1379 2251 1493 2280 nostra
1526 2247 1727 2290 juramenta3
1767 2248 1798 2277 et
1827 2243 2056 2288 obligaciones
2086 2243 2169 2278 alias

308 2308 336 2338 in
370 2305 487 2342 {teo-no
517 2305 675 2339 Bohemie
705 2310 735 2338 et
764 2305 992 2340 Mai-ehionatu
1016 2305 1171 2341 Moram·
1200 2319 1300 2353 super
1321 2307 1554 2353 disiguaeione
1582 2305 1676 2347 dotise
1707 2316 1765 2338 seu
1796 2305 1939 2350 dotalicij
1970 2304 2035 2339 {ilie
2056 2308 2169 2339 nostre

306 2378 428 2411 sponse
458 2366 649 2411 spectabilis
678 2366 841 2400 Johannis
871 2368 935 2411 fiiij,
967 2368 1085 2413 prefati
1113 2368 1277 2403 Johaunis
1307 2368 1443 2402 Comitis
1470 2366 1776 2409 Lutzeltnn·‚‹.›-‹·nsis.
1821 2365 1962 2412 Insuper
1989 2368 2096 2400 eciam
2126 2365 2166 2399 ad

307 2427 530 2472 reeipieinluin
561 2427 679 2461 ibidem
711 2427 899 2471 homagium
930 2432 1063 2462 nomine
1093 2429 1204 2473 tutele,
1235 2441 1332 2476 quam
1365 2440 1487 2473 gerere
1516 2432 1548 2461 et
1574 2427 1806 2461 administrare
1836 2426 2042 2469 debebimus⁷
2071 2430 2169 2473 prout

307 2486 367 2520 hee
397 2492 425 2521 et
457 2488 517 2521 alia
549 2493 659 2522 mutuo
689 2491 773 2522 iuter
801 2500 861 2522 nos
891 2493 921 2521 et
951 2490 1133 2534 predictum
1156 2491 1316 2524 Comitem
1346 2489 1663 2532 Lutzclhurgensem
1695 2493 1832 2522 tractata
1862 2492 1938 2522 sunt
1964 2488 2106 2534 plenius,
2136 2491 2169 2521 et.

309 2547 436 2581 Litteris
457 2549 706 2595 conprehensa:
737 2549 852 2583 dantes
874 2549 998 2583 eisdem
1029 2554 1150 2584 nostris
1168 2550 1442 2585 l'rocuratoribus
1462 2560 1562 2595 super
1590 2549 1742 2583 omnihus
1763 2554 1795 2583 ct
1823 2549 1962 2594 singulis
1983 2551 2166 2595 premissis,

306 2613 337 2640 et
357 2620 400 2642 ex
430 2612 478 2642 eis
499 2609 761 2655 depemlentibus
791 2615 821 2644 et
851 2611 1132 2655 contingentibus.
1163 2616 1195 2646 ct
1223 2615 1249 2646 si
1272 2611 1459 2646 mandatum
1487 2613 1627 2655 exigant
1649 2610 1806 2657 speciale,
1836 2610 2018 2656 plenariam
2047 2613 2166 2655 potes-
