2325 2941
1210 146 1282 181 364

1228 259 1270 294 V.

493 311 680 372 [rbanua
710 341 795 377 papa
823 329 880 364 IV.
910 328 1065 364 fratribus
1093 329 1218 363 ordinis
1247 329 1501 364 Praedicatorum
1529 333 1562 364 in
1591 330 1779 375 Alemania,
1808 330 1926 375 Dacia,
1960 332 2110 376 Boemia,
2140 336 2171 366 et

323 393 457 427 Potonia
499 391 650 433 mandat,
693 395 725 425 ut
766 390 1056 437 praedicationibus
1097 393 1166 424 suis
1207 393 1343 424 incitent
1378 394 1512 435 gentem
1553 391 1594 425 ad
1628 402 1762 425 crucem
1795 392 2022 426 summendam
2056 396 2171 427 contra

323 454 518 487 Prussianos
556 457 587 486 et
622 451 779 495 Livones.
822 454 876 496 qui
911 451 995 485 ultro
1031 453 1229 496 quingentos
1263 450 1382 486 fratres
1424 450 1631 486 theutonicos
1664 451 1867 491 occiderant,
1902 452 1958 486 vel
1986 453 2102 487 saltem
2131 453 2171 487 ad

322 524 417 559 opem
460 513 601 547 residuis
642 512 798 547 fratribus
826 509 997 546 ferendam
1026 514 1105 557 ipsis
1133 523 1206 546 eam
1234 511 1408 545 tribuendo
1436 512 1684 557 indulgentiam,
1719 524 1791 558 quae
1819 512 2109 558 peregrinantibus
2139 516 2170 548 in

322 579 441 608 terram
476 578 624 607 sanctam
654 578 704 607 est
733 584 906 607 concessa.
943 572 997 607 Dt.
1028 572 1114 618 apud
1142 572 1266 607 Urbem
1293 577 1445 607 veterem
1478 572 1519 607 ΙΙ.
1550 572 1688 607 Kalend.
1719 572 1931 607 Novembris.
1961 572 2172 608 Pontificatus

323 646 410 669 anno
440 634 479 668 ΙΙ.

632 687 683 720 (Ex
716 687 785 721 orig.
821 687 966 713 membran.
1000 695 1058 713 curn
1088 686 1158 712 bulla
1187 686 1309 721 plumbea
1334 686 1359 713 in
1389 686 1498 713 archivo
1523 686 1626 713 ordinis
1650 687 1808 714 Tlieutonici
1834 687 1943 713 Viennzr
1969 686 2173 714 communicavit

726 739 770 766 Dr.
795 739 822 766 B.
848 739 958 772 Dudik.)

1218 833 1275 868 Vl.

324 905 498 948 B(1·emo).
528 906 708 949 episcopus
738 904 981 938 Olomucensis.
1013 902 1205 937 rescribens
1225 904 1270 938 ad
1289 914 1447 937 surnmum
1462 903 1662 949 Pontificem
1677 904 1877 939 Romanum,
1902 905 2104 949 Greqorae'mn
2122 903 2171 943 X,

322 966 495 1011 snbjnnffl'l
524 977 617 998 suam
647 965 849 999 relationem
878 976 980 1010 snper
1001 964 1230 999 deliberandis
1250 965 1457 999 inconcilio.
1486 964 1748 1000 DatumXVlI.
1769 965 2032 999 Cal-Ianuarii.
2060 964 2170 999 1273.

496 1035 739 1086 Sanctissimo
769 1055 852 1098 patri
881 1051 1014 1086 domino
1044 1063 1104 1086 suo
1133 1051 1265 1086 domino
1296 1050 1462 1097 Gregorio
1491 1056 1728 1096 sacrosanctae
1747 1052 1921 1086 Romanae
1937 1051 2026 1087 sedis
2047 1062 2175 1086 summo

323 1114 471 1148 Pontifici
500 1113 537 1147 B.
567 1113 630 1147 Dei
659 1116 764 1157 gratia
795 1113 980 1159 Episcopus
1022 1106 1255 1147 Olomucensis
1284 1115 1509 1147 reverentiam
1543 1112 1730 1158 devotaque
1759 1112 1880 1159 pedum
1909 1112 2022 1147 oscula
2051 1111 2175 1147 beato-

322 1186 404 1208 rum.
449 1174 641 1209 Sanctitatis
678 1173 821 1208 Vestrae
865 1174 977 1210 literas
1010 1177 1042 1207 et
1075 1173 1281 1210 mandatum„
1324 1173 1411 1219 quod
1452 1173 1686 1210 continebant.
1729 1178 1943 1217 reverenter,
1984 1178 2018 1207 ut
2052 1173 2172 1210 decuit„

323 1238 541 1281 suscepimus,
571 1239 603 1269 et
631 1235 753 1269 devote
782 1240 815 1269 et
843 1237 870 1270 si
899 1246 965 1269 non
994 1239 1126 1278 exacta,
1156 1239 1266 1268 tamen
1295 1246 1347 1277 ea,
1377 1245 1439 1280 qua
1461 1237 1637 1280 potuimus,
1663 1236 1759 1279 juxta
1775 1234 1998 1269 conditionem
2015 1236 2174 1280 temporis

322 1308 435 1331 sumus
471 1296 546 1330 illud
582 1296 751 1341 diligentia
785 1299 928 1330 executi.
973 1295 1057 1337 Quia
1093 1306 1176 1330 vero
1213 1298 1245 1329 in
1282 1298 1440 1329 missione
1469 1295 1649 1339 literarum,
1692 1306 1774 1340 quas
1805 1294 1903 1330 vobis
1932 1297 2173 1341 rescripsimus,

323 1357 472 1391 tardasse
509 1357 672 1399 videniur,
715 1358 939 1403 supplicamus
973 1356 1136 1391 humiliter
1168 1361 1200 1391 et
1233 1356 1367 1399 devote,
1411 1361 1571 1401 quatenus
1600 1355 1792 1390 Sanctitatis
1820 1355 1966 1390 Vestrae
1998 1355 2174 1390 clementia

323 1430 383 1452 uos
412 1421 442 1452 in
473 1418 535 1452 hoe
563 1423 742 1452 excusatos
771 1417 894 1452 habere
923 1418 1089 1462 dignetur.
1119 1417 1277 1464 Receptis
1305 1420 1392 1451 enim
1422 1418 1522 1451 literis
1551 1420 1672 1452 vestris
1701 1417 1741 1451 ad
1762 1417 1995 1464 exequendum
2015 1416 2058 1460 id,
2088 1415 2175 1462 quod

321 1479 549 1513 continebant.
594 1479 679 1512 nulla
715 1482 803 1525 prius
845 1483 980 1525 propter
1017 1479 1120 1512 diram
1148 1490 1293 1524 guerrae
1321 1481 1577 1512 commotionem
1607 1481 1692 1512 inter
1720 1477 1979 1513 Serenissimmn
2008 1477 2175 1511 dominum

322 1545 469 1574 nostrum
511 1552 625 1584 regem
661 1539 882 1573 lloliemorum
924 1540 1183 1574 Illustrissiunuu
1219 1544 1251 1573 et
1285 1539 1452 1573 dominum
1495 1539 1689 1584 llungariae
1726 1550 1842 1584 regem
1870 1538 1967 1573 nobis
1994 1538 2110 1573 obtulit
2137 1548 2175 1573 se

323 1602 473 1636 facultas.
506 1601 540 1635 ln
572 1601 621 1635 liis
651 1604 762 1639 etiam,
792 1601 878 1646 quod
908 1601 1085 1635 Sanctitati
1115 1600 1257 1635 Vestrae
1286 1600 1345 1634 sub
1375 1611 1434 1646 spe
1464 1600 1604 1634 fiduciae
1632 1602 1838 1646 scripsimus,
1874 1598 2014 1646 provida
2043 1603 2077 1633 et
2103 1601 2175 1633 cir-

322 1667 511 1708 cumspecta
554 1662 709 1697 discretio
751 1661 870 1696 Vestra
905 1661 1013 1704 nobis,
1056 1661 1142 1707 quod
1178 1664 1405 1696 necessarium
1447 1660 1661 1705 arbttramur,
1703 1660 1802 1695 valde
1842 1671 1967 1696 cavere
2008 1659 2171 1706 dignetur.

323 1723 441 1757 Datum
471 1722 576 1757 XVII.
609 1722 678 1757 Cal.
707 1723 867 1757 Januarii.
897 1722 1048 1769 (1273.)

377 1828 515 1862 ltelalio
546 1828 716 1872 Episcopi
745 1828 954 1861 ouum-ensis
983 1829 1015 1861 in
1044 1828 1252 1861 Aletnanm'a
1281 1827 1327 1861 acl
1354 1827 1485 1872 Papam
1512 1838 1616 1872 snper
1643 1826 1873 1862 deliberandis
1900 1828 1935 1861 in
1962 1824 2119 1860 concilio.

504 1906 666 1946 Quoniam
697 1906 767 1940 ‹lics
797 1906 872 1940 mali
902 1910 988 1949 sunt,
1019 1906 1060 1940 ad
1089 1909 1239 1940 instantis
1269 1909 1425 1952 temporis
1460 1906 1615 1940 malitiam
1653 1905 1890 1949 redimendam,
1932 1907 2030 1938 immo
2065 1906 2173 1950 potius

323 1966 591 2012 prolmlsaiulmn.
636 1972 745 2001 vestra
782 1967 990 2013 providentia
1034 1970 1218 2001 sanctitatis
1253 1967 1369 2001 indixit
1403 1967 1591 2009 concilium,
1631 1971 1663 2000 ut
1704 1968 1868 2000 communi
1903 1964 2040 1999 consilio
2079 1964 2174 1998 malis

322 2026 551 2061 couuuunibus
581 2033 790 2061 occurratur:
821 2031 904 2061 inter
933 2032 1065 2061 caetera
1096 2027 1257 2061 uumdans
1287 2027 1393 2062 nobis.
1423 2032 1585 2072 quatenus
1615 2040 1666 2071 ea,
1696 2038 1782 2072 quae
1811 2029 1841 2060 in
1871 2037 1975 2069 regno
2006 2025 2173 2059 Alcman—

324 2091 408 2121 niae.
440 2092 471 2121 et
499 2088 646 2133 partibus
688 2091 883 2124 convicinis.
928 2093 1023 2135 prout
1051 2089 1190 2123 facultas
1220 2088 1334 2124 aderit.
1378 2091 1451 2122 sive
1481 2091 1511 2122 in
1541 2088 1629 2122 clero
1665 2089 1890 2131 cujuscunque
1919 2086 2089 2127 religionis
2118 2090 2172 2120 aut

322 2153 437 2185 status.
481 2148 534 2182 vcl
571 2151 600 2182 in
644 2149 769 2194 reliquo
805 2149 925 2195 populo
968 2149 1158 2183 Christiano
1200 2152 1368 2194 utriusque
1404 2160 1518 2185 sexus,
1561 2151 1692 2183 sivein
1724 2146 1906 2181 infidelibus
1935 2148 2173 2192 cujuscumque

322 2214 445 2251 sectae,
476 2209 529 2243 vel
559 2212 637 2243 ritus
667 2210 944 2244 conversantibus
975 2213 1058 2244 inter
1085 2222 1157 2254 eos,
1186 2215 1348 2256 quatenus
1377 2221 1437 2256 per
1466 2210 1537 2244 illos
1567 2209 1749 2244 Christiana
1785 2208 1902 2250 religio
1938 2208 2023 2241 inlici
2052 2211 2170 2254 potest,

321 2281 378 2304 seu
410 2270 653 2315 quomodolibet
683 2270 884 2313 serim-utari,
915 2274 1132 2305 correctionis
1162 2271 1309 2305 remedio
1339 2271 1489 2312 indigere
1519 2270 1686 2304 videntur:
1716 2279 1775 2314 per
1803 2280 1863 2302 nos
1892 2273 1947 2302 aut
1969 2268 2051 2303 alios
2079 2271 2171 2302 viros

322 2331 360 2363 ad
392 2331 452 2364 lior
483 2331 632 2366 idoneos.
664 2342 726 2364 uon
758 2332 887 2375 quidem
918 2343 976 2378 per
1005 2337 1106 2366 testes
1131 2333 1261 2377 juratos
1289 2344 1348 2365 seu
1378 2332 1460 2366 alios
1489 2331 1652 2365 ordinaria
1683 2331 1907 2373 inquisitione,
1937 2329 1995 2363 sed
2023 2329 2086 2363 alia
2116 2331 2172 2363 in-

324 2395 557 2435 vestigatione.
589 2404 673 2437 quae
704 2404 762 2437 per
791 2392 969 2426 familiares
998 2393 1192 2427 collationes
1221 2398 1251 2426 et
1282 2393 1363 2427 alios
1393 2392 1544 2426 diversos
1574 2390 1751 2427 indagandi
1775 2390 1890 2424 modos
1913 2401 1986 2424 cum
2005 2389 2172 2435 religiosis

322 2456 353 2485 et
382 2453 453 2485 aliis
483 2453 721 2486 cxcvi-:mutius
753 2455 897 2486 maxime
933 2456 1023 2489 vina.
1066 2454 1319 2500 colentilnisque
1351 2456 1486 2487 virtutes
1516 2450 1628 2485 haberi
1667 2454 1801 2496 poterit:
1844 2451 2020 2492 diligenter
2047 2453 2172 2495 exqui—

324 2517 432 2546 rentes
469 2526 507 2546 ea
546 2514 729 2551 sigillatim:
768 2513 920 2547 distincte
949 2518 979 2547 et
1010 2519 1123 2559 aperte
1152 2518 1359 2560 conscripta:
1403 2525 1464 2547 nec
1493 2523 1557 2545 non
1588 2516 1616 2544 et
1647 2511 1784 2545 consilia
1820 2512 1859 2545 (le
1890 2512 2043 2545 remediis
2072 2510 2171 2545 adtu-

325 2573 438 2606 beudis
468 2575 505 2607 ad
537 2578 778 2607 eoi-i·‹·‹·tioin·iu
809 2579 839 2607 et
869 2574 1137 2608 reformationem
1169 2576 1294 2608 illorum
1324 2574 1383 2608 sub
1413 2572 1519 2617 sigillo
1551 2577 1661 2605 nostro
1683 2585 1741 2618 per
1763 2573 1890 2618 aliquos
1913 2571 2025 2606 fideles
2041 2574 2172 2606 nuntios·

324 2634 361 2665 ad
393 2638 612 2679 praem-utiam
645 2640 787 2668 vestram
819 2638 993 2677 mittamus,
1024 2637 1054 2668 in
1085 2638 1243 2669 missione
1272 2633 1456 2678 hujusmodi
1487 2638 1614 2679 tempus
1644 2636 1744 2679 ipsius
1774 2632 2022 2679 praeveniendo
2042 2631 2171 2675 concilii
