2341 3005
153 263 251 307 dotis.
281 267 313 297 et
342 262 498 297 dotalicio
527 262 710 309 predictam
739 265 887 295 nostram
917 259 1154 294 fundacionem
1173 257 1386 293 fundauimus
1402 263 1433 292 et
1453 258 1650 294 dotauimus.
1680 263 1777 306 prout
1805 261 1959 306 superius
1988 264 2037 293 est

153 335 370 371 expressum.
414 335 481 358 non
511 324 551 358 ab
581 335 618 358 re
646 320 904 369 comparticipes
933 321 1042 365 nobis,
1073 324 1105 355 iu
1134 320 1220 355 dieta
1249 324 1364 354 nostra
1399 320 1601 355 fundacione
1629 325 1859 365 recensentes,
1889 323 2037 368 ipsorum

153 386 241 420 diem
270 389 537 420 anniuersarium
564 397 633 420 vna
663 385 715 419 die
744 387 778 418 in
806 384 922 429 vigilia
951 383 1078 418 Decem
1106 382 1234 417 Milium
1261 381 1399 416 Militum
1430 394 1504 416 cum
1534 383 1658 428 vigilijs
1687 394 1810 417 nouem
1837 383 2037 425 leccionuim

152 447 259 482 Missa
301 447 547 491 defunctorum,
591 445 789 481 dominabus
825 446 959 492 plenum
1001 444 1176 492 prandium
1210 455 1285 478 cum
1326 443 1520 478 refeccione
1554 447 1688 489 triginta
1717 456 1913 492 pauperum,
1944 448 2040 491 prout

153 520 255 556 supra
298 512 457 556 scriptum
499 513 550 543 est
592 508 810 554 disponimus.
854 510 1027 541 statuimus
1064 511 1096 542 et
1137 506 1331 541 ordiilamus
1362 505 1539 540 obseruari
1575 510 1745 552 perpetius
1774 506 1978 553 temporibus
2008 509 2039 540 in

153 582 270 606 eorum
312 574 497 605 animarum
539 569 723 604 remedium
759 572 1011 615 sempiternum.
1055 568 1136 603 Item
1166 568 1253 602 diem
1283 570 1552 602 anniuersarium
1582 567 1760 602 Parentum
1789 573 1991 611 nostrorum,
2022 580 2039 601 a

154 632 274 679 quibus
311 636 458 667 natiuam
501 635 664 666 traximus
707 633 885 677 originem,
931 641 1016 677 quos
1058 630 1200 664 naturali
1242 630 1397 677 amplecti
1435 634 1589 664 tenemur
1627 629 1760 673 affectu‚
1799 630 1896 664 Patre
1925 634 2040 664 nostro

154 694 313 730 w'delicet
347 694 481 729 domino
515 692 702 736 Othakaro,
739 695 793 739 qui
831 697 864 727 et
892 692 1092 727 Przemissel
1121 691 1304 736 dicebatur,
1339 692 1436 737 Rege
1465 692 1604 736 Kalisiee
1636 690 1811 735 Cracouie,
1842 692 2041 726 Pomerauie

154 760 187 790 et
223 756 454 800 Sandomirie‚
489 754 597 789 Matre
634 766 718 789 vero
753 759 867 789 nostra
902 754 1035 788 domina
1072 754 1231 797 ffichcza,
1275 765 1335 789 sue
1378 756 1563 798 consortis,
1606 753 1673 787 filia
1715 753 1883 800 quondam
1918 754 2041 788 domini

154 817 285 864 Magni,
314 817 420 864 Regis
449 817 599 861 Swecie,
629 817 848 863 disponimus‚
878 819 1053 851 statuimus
1082 821 1114 850 et
1143 816 1337 850 ordinamus
1365 818 1398 849 in
1427 815 1544 861 vigliia
1574 815 1802 862 apostolorum
1822 815 1981 862 Symonis
2011 819 2043 849 et

154 879 252 923 Jude,
283 891 357 914 cum
386 879 513 925 vigilijs
541 890 665 913 nouem
694 879 894 922 leccionum,
923 877 1027 912 Missa
1057 877 1301 922 defunctorum,
1331 882 1363 912 et
1393 877 1569 924 solempni,
1609 889 1649 911 ac
1677 877 1776 924 pleno
1806 877 1946 924 prandio
1976 877 2042 911 do-

153 944 331 986 minarum,
366 945 403 976 w
435 940 627 988 predicitur,
665 945 698 975 et
732 940 927 975 refeccione
963 942 1097 985 triginta
1132 951 1315 986 pauperum
1358 939 1456 986 plena
1485 943 1655 986 perpetuis
1690 939 1809 974 futuris
1838 939 2042 986 temporibus

155 1002 390 1038 inuiolabiliter
426 1002 636 1037 obseruetur.
680 1002 837 1037 Preterea
872 1013 947 1036 cum
985 1012 1084 1036 nemo
1119 1001 1305 1035 mortalium
1342 1001 1484 1035 mundus
1519 1004 1561 1036 sit
1594 1013 1612 1035 a
1653 1004 1793 1035 crimine
1828 1012 1890 1035 nec
1933 1000 2042 1035 infans

155 1067 250 1100 cuius
291 1068 359 1099 vita
400 1068 500 1099 Vnius
545 1064 611 1099 diei
639 1076 741 1112 super
770 1069 892 1098 terram
922 1068 983 1108 est,
1027 1063 1245 1110 disponimus,
1277 1066 1451 1098 statuimus
1480 1067 1511 1097 et
1541 1063 1746 1107 ordinamus,
1781 1068 1944 1109 quatenus
1974 1062 2044 1096 dies

156 1127 424 1162 Anniuersarius
459 1130 491 1160 in
525 1126 608 1160 feria
652 1126 800 1161 secunda
842 1129 997 1173 proxima
1033 1125 1342 1172 postrdominicam
1378 1124 1679 1159 Circumdederunt
1707 1128 1739 1159 in
1773 1125 2043 1172 Septuagesima.

156 1192 304 1224 omnium
331 1193 523 1223 nost-rorum
558 1191 822 1235 progenitorum,
860 1191 1135 1234 propinquorum,
1164 1191 1331 1231 notorum,
1368 1186 1635 1231 benefactoruim
1666 1186 1810 1221 fidelium
1840 1190 2043 1221 nostrorum.

157 1255 190 1285 et
218 1254 365 1285 omnium
394 1251 536 1295 illorum,
567 1261 708 1296 quorum
738 1250 794 1284 vel
822 1261 961 1295 quarum
991 1261 1057 1293 res‚
1093 1249 1150 1283 vel
1178 1251 1340 1296 pecunias
1370 1249 1545 1293 violenter,
1576 1249 1630 1283 uel
1658 1249 1859 1292 voluntarie,
1890 1251 1974 1282 iuste
1994 1247 2046 1281 uel

156 1315 279 1347 iniuste
315 1315 580 1360 perceperimus,
617 1324 692 1347 cum
734 1311 861 1357 vigilijs
890 1322 1014 1345 nouem
1042 1311 1243 1354 leccionuin,
1272 1310 1377 1345 Missa
1407 1310 1651 1355 defunctorum„
1686 1311 1784 1357 pleno
1814 1322 1853 1345 ac
1883 1310 2045 1356 solempni

157 1374 299 1421 prandio
328 1374 540 1409 dominorum
568 1378 604 1408 vt
632 1373 823 1420 prodicium
855 1377 887 1407 et
914 1372 1108 1407 rcfeccione
1143 1376 1277 1418 triginta
1313 1384 1497 1419 pauperum
1534 1372 1689 1406 habunda
1726 1375 1895 1419 perpetuis
1928 1371 2045 1405 futuris

157 1435 364 1482 temporibus
392 1440 576 1483 peragatur
604 1435 821 1489 solempniter
850 1438 1032 1479 annuatim,
1064 1434 1226 1477 Quamuis
1255 1446 1338 1480 ergo
1366 1437 1535 1469 vniuersis
1564 1437 1777 1481 presencium
1799 1433 2045 1480 inspectoribus

157 1500 344 1544 prescripta
373 1497 505 1544 publice
534 1497 763 1544 profiteamur⁷
798 1496 853 1531 Ad
881 1509 944 1531 vos
973 1501 1085 1531 tamen
1114 1496 1305 1543 specialiter
1332 1499 1365 1530 iu
1395 1496 1527 1530 Christo
1562 1496 1646 1530 filias
1675 1501 1807 1530 nostras
1836 1495 2043 1530 karissimas.

158 1558 243 1593 filias
276 1562 412 1604 inquam
447 1562 553 1593 vteris
589 1562 710 1593 mentis
744 1563 869 1603 nostre.
905 1558 945 1593 ad
979 1570 1042 1593 vos
1072 1558 1206 1592 domina
1235 1557 1420 1592 Katherina
1450 1558 1647 1601 Abbatissa.
1677 1557 1850 1592 Elizabcth
1880 1557 2044 1591 Priorissa

159 1625 191 1655 et
220 1620 261 1654 ad
289 1625 392 1654 totum
435 1620 659 1664 Conuentum,
693 1623 766 1655 siue
802 1620 988 1666 Collegium
1031 1625 1145 1655 nostre
1177 1620 1401 1654 fundacionis.
1445 1620 1534 1654 Aule
1577 1620 1701 1654 Sancte
1734 1619 1851 1653 Mario.
1887 1624 1951 1653 tani
1981 1630 2045 1664 quc

158 1694 247 1718 nunc
276 1686 370 1727 estis,
400 1687 432 1717 et
460 1686 552 1717 eritis
582 1683 680 1717 dante
710 1683 844 1717 domino
873 1686 905 1717 in
934 1682 1078 1717 futurum
1106 1694 1214 1729 Vsque
1244 1682 1285 1716 ad
1315 1687 1503 1716 extremum
1531 1681 1708 1725 Judiciuur.
1733 1685 1783 1715 est
1803 1681 1899 1715 nobis
1922 1692 2044 1723 sermo,

159 1755 259 1790 quem
287 1748 412 1779 intenta
441 1748 562 1779 mentis
592 1756 673 1779 aure
702 1745 812 1779 audite
841 1749 874 1779 et
902 1744 1012 1779 cordis
1040 1744 1268 1789 intelligent-ia
1298 1746 1473 1790 percipere
1502 1747 1692 1790 procurate,
1722 1742 1813 1777 Ecce
1843 1745 1953 1776 onmia
1984 1753 2046 1787 que

159 1809 192 1841 in
222 1806 286 1841 hoc
315 1806 430 1841 seculo
460 1809 653 1853 accepimus
683 1818 701 1840 a
731 1806 877 1849 domino,
907 1809 940 1840 iu
969 1809 1072 1853 ipsius
1102 1808 1238 1840 nomine
1267 1805 1364 1839 vobis
1394 1816 1433 1839 ea
1464 1804 1672 1848 tradidimus7
1703 1816 1790 1841 cum.¹
1821 1815 1860 1838 ac
1889 1816 1951 1838 vos
1981 1803 2047 1837 hc-

159 1867 270 1912 redes,
300 1871 448 1902 omnium
477 1873 667 1902 nostrorum
697 1867 847 1902 laborum
876 1879 969 1902 mera
998 1870 1230 1902 constituimus
1260 1867 1444 1909 voluntate7
1489 1878 1551 1900 vos
1587 1865 1741 1900 omnibus
1770 1866 1882 1900 mundi
1912 1865 2047 1899 habita-

159 1929 299 1973 toribus,
335 1929 558 1976 preferentes.
596 1933 800 1964 miseremini
842 1933 946 1964 nostri
983 1930 1091 1965 saltim
1127 1940 1190 1964 vos
1226 1931 1333 1962 amice
1362 1932 1488 1971 nostre,
1520 1932 1551 1961 et
1581 1927 1678 1962 deum
1711 1939 1772 1974 pro
1801 1927 1897 1962 nobis
1927 1930 2048 1973 iugiter

160 1996 317 2035 exorate,
347 2002 515 2025 memores
544 1995 664 2035 estote,
694 1991 861 2037 quomodo
890 2002 950 2038 pro
979 1990 1218 2038 temporalibus
1248 1989 1430 2036 spiritualia
1461 1992 1699 2036 compensetis
1744 1994 1775 2023 et
1805 2001 1848 2023 ne
1878 1989 2047 2023 dimittatis

161 2053 271 2099 legem
306 2055 420 2088 matris
455 2057 581 2096 vestre,
627 2053 789 2087 custodite
819 2065 871 2097 ea,
908 2064 972 2099 que
1002 2065 1020 2087 a
1050 2052 1146 2087 nobis
1175 2051 1290 2086 verbis
1319 2056 1349 2085 ct
1380 2051 1538 2097 operibus
1582 2054 1769 2098 recepistis.
1815 2050 2048 2085 Testificamur

161 2118 251 2150 enim
280 2125 395 2149 coram
424 2115 598 2149 altissimo.
629 2119 660 2148 et
690 2126 750 2148 sua
779 2114 927 2159 gloriosa
957 2117 1121 2160 genitrice
1150 2117 1284 2159 virgine
1311 2112 1430 2147 Maria.
1462 2117 1493 2147 et
1523 2112 1686 2158 omnibus,
1707 2116 1831 2147 sanctis
1862 2113 1924 2146 dei.
1960 2111 2045 2156 quod

161 2179 190 2212 si
217 2178 360 2210 remisse
388 2176 442 2210 uel
471 2176 605 2211 desides
635 2179 665 2209 in
696 2175 760 2209 boc
789 2180 903 2210 nostro
933 2180 1144 2217 testamento„
1175 2178 1247 2210 siue
1276 2175 1392 2208 vltima
1422 2174 1594 2209 voluntate
1637 2174 1777 2209 fueritis.
1816 2178 1886 2220 ipse
1923 2176 1952 2207 in
1983 2184 2045 2206 vos

161 2241 321 2284 requirat,
351 2241 406 2284 qui
433 2238 542 2272 reddit
570 2240 750 2283 vnicuiquc
779 2237 961 2271 secundum
990 2249 1093 2284 opera
1123 2249 1193 2279 sua,
1225 2241 1257 2270 et
1287 2239 1340 2282 qui
1371 2241 1421 2270 cst
1450 2236 1645 2271 benedictus
1669 2239 1699 2270 iu
1721 2236 1833 2270 secula
1857 2235 2045 2269 stmulorum

162 2310 272 2334 amen.
308 2298 429 2333 Datum
465 2304 497 2334 et
531 2299 654 2334 Actum
688 2299 824 2333 Brunne
858 2301 890 2332 in
924 2298 1131 2333 Monasterio
1173 2298 1262 2333 Aule
1298 2298 1423 2332 Sancte
1452 2297 1558 2333 Marie
1587 2298 1747 2346 predicto.
1788 2298 1890 2331 Auno
1920 2297 2043 2330 domini

161 2359 339 2397 Millesimo
369 2361 624 2396 Trecentesimo
655 2360 851 2403 'si-icosium,
883 2360 1031 2406 Septimo
1062 2360 1137 2394 ldus
1165 2360 1253 2394 Julii.

477 2440 566 2475 (ωε-ἐς.
598 2441 743 2468 membran.
781 2441 855 2475 cujus
885 2439 938 2466 duo
963 2440 1053 2474 sigilla
1083 2440 1175 2466 avulsa
1208 2443 1288 2473 suut,
1318 2439 1343 2467 in
1375 2440 1486 2467 archivo
1521 2440 1641 2475 ejusdem
1674 2438 1831 2465 monasterii
1861 2438 1931 2473 apud
1958 2438 1987 2465 C.
2015 2438 2042 2464 u.

583 2493 699 2521 Gubern.
727 2494 820 2521 Brunae
846 2493 894 2520 sub
921 2492 959 2520 lit.
985 2494 1017 2520 Α.
1043 2502 1068 2520 n.
1096 2492 1160 2525 53.)
