2341 3005
1053 155 1129 191 267

144 270 249 305 Electi
285 269 521 306 Olomucensis
563 271 723 315 ecclesie,
757 276 789 306 et
823 270 988 306 Hinconis
1023 271 1133 306 Berce
1169 272 1210 307 de
1238 272 1348 317 Duba,
1385 273 1509 309 domini
1539 278 1571 309 in
1599 275 1694 323 Lypa
1723 276 1916 323 purchranij
1947 277 2037 312 Pra-

142 336 273 378 gensis,
303 336 401 378 regni
438 337 541 368 nostri
576 333 717 368 Boemie
753 322 940 380 Capitanei.
977 337 1026 369 eis
1063 334 1162 369 w'llas
1196 334 1385 370 Crenouicz
1414 341 1446 370 et
1476 337 1607 372 Cessan
1637 350 1676 372 ae
1706 338 1921 373 medietatem
1957 340 2036 375 ville

143 393 323 441 Ciesczpi,
353 397 386 429 in
414 394 568 430 Morauia
597 399 691 441 sitas,
721 406 786 442 que
814 400 890 442 post
918 401 1057 431 mortem
1087 396 1212 431 domini
1242 396 1387 432 Conradi
1418 397 1654 434 Olomucensis
1683 400 1851 446 quondam
1873 404 2035 448 episcopi.

141 455 184 490 ad
211 467 286 500 1105,
317 456 461 491 heredes
491 462 523 492 et
553 469 771 493 successores
800 462 936 492 nostros
964 458 1082 504 Reges
1110 458 1261 497 Boemie,
1292 463 1382 494 omni
1413 463 1482 495 iure
1505 460 1662 495 deuolute
1677 467 1764 506 sunt,
1789 474 1865 497 cum
1881 463 2037 498 omnibus

139 517 267 552 iuribus
297 523 330 552 et
359 522 428 553 suis
457 521 679 565 pertinencijs
708 523 891 555 vniuersis.
922 520 963 554 de
991 525 1107 555 nostra
1136 520 1336 557 liberalitate
1364 521 1474 567 Regia
1497 522 1626 557 damus.
1657 524 1874 559 conferimus.
1891 529 2036 571 gratuite

141 584 173 614 et
201 579 378 625 donamus,
415 592 489 627 per¹
510 592 582 625 eos,
619 581 764 616 heredes
807 585 911 628 ipsius
947 582 1110 617 Hinconis
1144 583 1253 617 Berce
1287 584 1426 630 predicti
1456 589 1488 618 et
1525 596 1763 620 successorum
1799 598 1927 631 eorum,
1965 590 2036 622 iure

140 641 345 677 hereditario
375 647 407 677 et
436 648 599 690 perpetuo
628 644 847 690 possidenda,
880 644 1104 690 adjungentes
1133 656 1311 692 expresse.
1356 646 1443 692 quod
1472 649 1535 693 ipsi
1564 646 1673 681 Hinco
1703 648 1871 694 predictus
1900 649 2036 684 Electus

141 702 379 739 Olomucensis
421 705 580 749 ecclesie,
620 711 650 740 et
688 705 797 740 Hinco
839 706 949 741 Berca
985 706 1166 753 predictus,
1207 712 1238 742 et
1275 710 1326 742 sui
1361 707 1517 752 heredes,
1552 709 1610 743 vel
1643 720 1863 744 successores
1905 722 2034 745 eorum.

139 765 274 812 plenam
310 770 543 801 auctoritatem
577 772 609 801 et
646 779 748 814 posse
786 767 943 812 habeant,
988 768 1093 803 dictas
1135 769 1232 804 villas
1269 781 1330 804 seu
1360 769 1448 804 bona
1484 773 1516 805 in
1546 775 1614 805 toto
1643 776 1675 806 et
1703 774 1735 805 in
1766 777 1860 818 parte
1890 772 2035 818 qualibet

139 827 322 872 vendendi,
366 828 523 874 donandi,
568 828 750 875 obligandi.
788 834 821 864 et
849 831 1071 877 permutandi,
1115 830 1176 866 sub
1206 833 1277 866 iure
1312 837 1503 878 prenotato,
1547 832 1587 867 Et
1623 836 1824 879 quicumque
1868 839 1944 881 aput
1975 846 2034 869 cos

140 888 227 924 dicta
255 888 345 924 bona
373 882 419 925 in'
437 895 505 925 toto
534 891 590 926 vel
619 894 651 925 in
679 896 774 938 parte
803 892 913 938 aliqua
943 896 1072 936 emerit,
1102 892 1179 927 huic
1208 893 1289 928 dare
1317 897 1539 940 promittimus
1568 906 1671 942 super
1707 899 1884 942 empcione
1915 896 2035 931 huius—

140 951 230 986 modi
258 951 422 986 bonorum
460 957 595 987 nostras
629 953 756 988 litteras
790 958 955 1001 patentes,
991 957 1109 989 maiori
1147 960 1261 989 nostro
1291 956 1401 1001 sigillo
1431 956 1622 1001 roboratas,
1667 957 1702 991 In
1732 961 1827 992 cuius
1858 961 1907 993 rei
1935 962 2035 993 testi—

139 1016 287 1048 monium
321 1019 501 1061 presentes
537 1014 621 1059 fieri,
664 1020 695 1050 et
730 1020 846 1051 nostro
882 1019 1001 1051 maiori
1036 1017 1147 1063 sigillo
1182 1020 1340 1052 iussimus
1381 1022 1592 1054 communiri.
1635 1019 1758 1054 Datum
1798 1019 1908 1065 Prage
1945 1032 2033 1054 anno

139 1075 263 1111 domini
290 1075 671 1113 MQCCCOXXONIIO.
702 1078 852 1113 secunda
882 1078 1053 1114 Kalendas
1083 1078 1184 1114 Junii.

455 1167 508 1200 (Ex
533 1167 608 1202 Orig.
634 1167 660 1194 iu
686 1167 797 1195 archivo
822 1167 932 1203 capituli
957 1168 1148 1196 olomucensis
1174 1168 1305 1196 desumsit
1330 1170 1394 1196 Ant.
1420 1169 1555 1205 Boczek.)

989 1273 1178 1309 CCCXLII.

136 1343 328 1388 Jokannes,
358 1356 426 1379 rex
453 1344 643 1389 Bohemiae,
673 1345 779 1380 donat
808 1345 855 1380 acl
874 1347 1159 1380 intercessionem
1175 1345 1323 1390 Bae-ari,
1353 1346 1492 1381 abboli-s·
1508 1347 1802 1392 Brewnoz·iensis‚
1819 1350 2033 1384 monasterio

137 1407 388 1453 Rayqradensi
413 1407 634 1453 proce'nce'ale
659 1408 827 1453 judicium
871 1411 941 1442 tam
975 1409 1010 1441 in
1052 1409 1169 1442 causis
1198 1410 1416 1453 pecuniariis
1453 1421 1554 1455 quam
1582 1409 1795 1455 capitalibus·
1819 1422 1887 1455 per
1916 1422 2033 1445 omnes

211 1469 390 1503 districtus
419 1469 465 1503 ad
492 1470 619 1504 dictum
648 1471 893 1504 inerms-terium
921 1470 964 1504 R.
995 1473 1208 1515 spectantes.
1238 1470 1299 1504 Dt.
1330 1470 1469 1516 Progne,
1508 1471 1583 1507 I'JI.
1614 1472 1696 1506 Idus
1723 1472 1823 1506 Junz'z'
1850 1472 1963 1507 1327.

314 1546 512 1601 :lohannes
555 1566 609 1601 dei
637 1570 767 1613 gracia,
811 1566 951 1601 Boemie
981 1571 1013 1601 et
1040 1566 1179 1602 Polonie
1208 1579 1270 1602 rex
1304 1579 1344 1602 ac
1377 1567 1676 1615 Lucenburgensis
1712 1580 1838 1612 comes,
1876 1569 2031 1604 omnibus

136 1632 169 1663 in
197 1633 406 1676 perpetuum.
440 1628 685 1676 Omnipotentis
715 1629 766 1663 dei
796 1629 1016 1663 clemenciam
1045 1640 1128 1675 erga
1158 1640 1233 1673 nos,
1263 1634 1340 1664 tunc
1370 1633 1509 1665 incitare
1538 1630 1746 1675 confidimus,
1783 1642 1858 1665 cum
1888 1631 2032 1678 quibus-

137 1690 215 1726 libet
254 1694 316 1738 piis
352 1690 435 1726 locis
470 1696 621 1725 nostram
658 1690 918 1726 munificentiam
953 1694 1172 1738 impertimur.
1212 1696 1243 1726 et
1279 1694 1477 1738 satagimus,
1515 1697 1547 1726 ut
1593 1693 1700 1727 cultus
1735 1696 1864 1728 iusticie
1908 1696 2031 1728 nostris

136 1753 343 1800 temporibus
373 1753 585 1789 observetur.
616 1753 666 1787 Ea
695 1758 831 1800 propter
860 1753 900 1787 ad
930 1753 1162 1788 venerabilem
1191 1757 1301 1788 virum
1330 1753 1467 1788 fratrem
1497 1754 1667 1789 Bavarum
1691 1754 1847 1789 abbatem
1871 1755 2031 1790 devotum

136 1820 289 1850 nostrum
324 1815 480 1850 dilectum
516 1820 550 1850 et
591 1819 809 1850 conventum.
853 1827 893 1849 ac
936 1818 1043 1862 ipsum
1079 1826 1212 1850 sacrum
1249 1815 1427 1850 cenobium
1464 1819 1496 1850 in
1533 1816 1722 1851 Brcwnow
1750 1828 1855 1864 prope
1884 1817 2031 1863 Pragam

136 1877 263 1913 ordinis
306 1880 413 1912 sancti
442 1877 627 1921 Benedicti,
670 1877 863 1923 regularem
899 1877 1159 1912 observaneiam
1193 1888 1257 1923 que
1286 1881 1379 1923 viget
1408 1878 1544 1917 ibidem,
1580 1878 1684 1913 divini
1719 1882 1865 1914 nominis
1895 1880 2030 1914 cultum.

137 1951 176 1974 ac
215 1940 279 1975 alia
314 1951 419 1987 opera
455 1942 606 1987 pietatis,
650 1944 764 1973 nostre
803 1942 922 1973 mentis
959 1942 1066 1974 aciem
1109 1944 1366 1974 convertentes.
1411 1940 1542 1975 devotis
1578 1944 1764 1975 nostris..
1794 1944 2029 1988 preposito..

135 2002 293 2037 fratribus
328 2014 369 2037 ac
404 2004 609 2036 monasterio
646 2005 678 2036 111
714 2001 862 2047 Reigrad
906 2001 1141 2036 Olomucensis
1184 2001 1347 2046 diocesis,
1388 2002 1474 2047 quod
1517 2007 1687 2049 tamquam
1729 2003 1916 2038 membrum
1953 2003 2030 2038 dicti

134 2064 268 2105 cenobii
303 2064 597 2107 Brexwloviensis,
642 2063 681 2097 ad
713 2067 818 2110 ipsum
850 2066 881 2098 in
911 2063 1136 2110 spiritualibus
1166 2068 1197 2098 et
1226 2063 1466 2110 temporalibus
1502 2069 1656 2111 spectare
1692 2065 1901 2111 dignoscitur
1929 2065 2029 2112 pleno

134 2128 218 2170 iure,
261 2126 474 2172 provinciale
509 2125 665 2160 iudiciuin
701 2137 762 2172 per
799 2137 917 2159 omncs
947 2125 1115 2160 districtus
1144 2125 1184 2160 ad
1215 2125 1336 2160 dictum
1365 2130 1604 2161 monasterium
1641 2127 1791 2172 Reigrad
1821 2132 2027 2174 spectantes,

134 2192 201 2222 tam
236 2190 269 2222 in
303 2190 416 2223 causis
451 2190 657 2235 pecuniariis
693 2198 792 2233 quam
827 2187 1025 2234 capitalibus
1058 2199 1118 2221 seu
1154 2187 1381 2222 criminalibus
1417 2191 1491 2223 sive
1527 2189 1770 2223 mutilationis.
1801 2192 1876 2223 sive
1912 2191 2028 2223 mortis

133 2248 321 2293 cuiuslibet,
351 2249 466 2284 divine
493 2252 784 2284 remuneracionis
815 2252 929 2284 intuitu
960 2250 1154 2296 plenissimo
1184 2252 1255 2283 11110
1284 2250 1483 2285 contulimus
1512 2254 1543 2285 et
1572 2250 1778 2285 conferimus
1799 2255 1916 2284 tenore
1944 2262 2029 2297 pre-

133 2314 286 2347 sencium
314 2310 511 2346 litterarum.
542 2311 736 2346 Inhibcntes
766 2311 914 2346 districte
943 2311 1071 2346 dilectis
1100 2314 1224 2345 nostris
1253 2310 1404 2346 fidelibus
1435 2315 1614 2359 capitaneo
1643 2324 1704 2359 per
1732 2311 1934 2346 Moraviam.
1966 2324 2025 2346 scu

133 2372 359 2408 beneficiariis
387 2384 449 2420 per
477 2373 660 2408 districtum
689 2373 912 2417 Bnmenscm,
943 2384 1003 2408 seu
1032 2372 1195 2408 iudicibus
1212 2377 1243 2407 et
1265 2376 1379 2408 iuratis
1401 2374 1605 2420 quibuslibet
1627 2386 1669 2408 110
1686 2374 1726 2408 de
1743 2373 2026 2417 malefactoribus,

132 2437 189 2481 qui
217 2437 249 2469 in
279 2434 357 2468 dieti
386 2438 581 2470 monasterii
610 2435 812 2470 districtibus
840 2434 1085 2481 Reigradensis
1114 2438 1274 2482 capt1vati
1303 2435 1437 2472 suerint.
1467 2448 1526 2470 seu
1558 2439 1588 2470 111
1615 2439 1693 2482 ipsis
1715 2446 1842 2470 moram
1860 2438 2028 2470 traxerint

132 2497 188 2531 vel
225 2496 463 2540 habitaverint,
500 2508 561 2531 seu
595 2497 679 2533 alias
713 2498 790 2532 dicti
824 2500 1020 2532 monasterii
1053 2496 1207 2531 homines
1244 2496 1369 2532 fuerint
1402 2501 1564 2545 captivati
1593 2497 1771 2543 aliquando
1795 2525 1828 2531 ..
1860 2499 2025 2531 iusticiam

131 2569 192 2593 5011
236 2558 391 2593 iudiciuin
428 2558 554 2592 saciant
586 2561 619 2593 in
654 2563 810 2606 personis
845 2562 993 2606 ipsorum
1029 2570 1089 2593 seu
1125 2558 1238 2602 rebus,
1275 2559 1333 2594 sed
1363 2564 1442 2594 ante
1471 2562 1581 2594 omnia
1619 2559 1661 2593 illi
1692 2558 1745 2593 vel
1776 2558 1838 2593 illis
1869 2561 2025 2605 personis

131 2620 299 2665 religiosis
332 2619 388 2654 vel
423 2620 634 2655 secularibus
670 2621 790 2667 quibus
824 2621 897 2655 dicti
935 2623 1124 2668 prepositus
1153 2625 1186 2655 et
1214 2626 1405 2656 conventus
1443 2621 1687 2666 Reigradcnsis
1716 2620 1838 2654 dictum
1868 2620 2025 2655 iudiciuin

131 2685 372 2725 commiserint,
409 2681 485 2716 dicti
522 2682 760 2718 malefactores
802 2687 1039 2730 presentemur
1071 2686 1103 2716 et
1139 2682 1180 2717 al)
1223 2682 1287 2718 hiis
1323 2685 1454 2717 iusticia
1485 2682 1556 2717 fieri
1585 2682 1781 2729 postuletur,
1812 2687 1846 2717 et
1874 2682 1961 2728 quod
1993 2685 2024 2717 in

1751 2742 1811 2773 34*
