2325 2941
1174 123 1247 157 358

278 244 470 275 innovatam
505 245 630 273 temere
672 238 858 272 observare
899 249 965 272 non
1002 242 1130 280 curant,
1173 237 1231 272 sed
1272 240 1378 283 ipsam
1413 238 1602 283 transgredi
1634 250 1702 273 non
1731 245 1899 283 verentur,
1933 244 1966 275 in
1994 240 2143 285 ejusdem

279 303 367 337 sedis
400 305 639 346 contemptum,
683 302 866 333 animarum
899 310 1033 334 suarum
1068 299 1252 345 periculum
1286 303 1318 332 et
1346 298 1528 333 eorundem
1562 303 1837 345 conquerentium
1866 306 1898 334 et
1925 302 2144 336 ecclesiarum

278 362 514 410 parochialium]
543 360 761 407 prejudicium
791 365 823 394 et
851 371 1048 405 gravamen.
1079 359 1308 410 Intelleximus
1337 370 1469 405 quoque
1498 360 1583 406 quod
1613 361 1806 406 plerumque
1826 361 1962 407 prefatis
1984 363 2144 396 dictorum

279 424 521 471 predicatorum
557 427 588 455 et
624 425 798 465 minorum,
841 433 903 455 nec
946 432 1013 455 non
1041 419 1276 454 heremitarum
1309 424 1416 455 sancti
1443 421 1624 466 Augustini
1654 426 1685 455 et
1714 420 1965 456 Carnielitarum
1994 424 2144 457 ordinum

278 484 434 519 fratribus
470 487 500 517 in
537 485 632 527 cujus
668 483 793 517 ordinis
835 482 995 516 dictorum
1024 481 1260 515 heremitarum
1288 485 1442 528 personis
1471 482 1556 516 idem
1586 482 1808 528 predecessor
1836 483 2029 518 Bonifacius
2057 496 2144 518 con-

277 549 478 580 stitutionem
508 545 709 590 pra=dietam.
740 547 771 577 in
801 555 864 589 qua
895 543 934 577 de
964 546 1043 589 ipsis
1071 542 1326 589 praedicatorum
1355 548 1387 577 et
1415 546 1577 577 minorum
1607 548 1748 577 cavetur
1769 544 1939 578 ordinibus
1962 556 2021 590 per
2036 548 2145 580 omnia

276 607 416 641 voluerit
452 605 662 652 postmodnm
699 605 906 649 integraliter
934 608 965 637 et
994 607 1196 638 inconcusse
1237 607 1379 638 servari.
1421 604 1463 638 Et
1492 605 1532 638 ad
1567 616 1665 650 quem
1700 605 1860 639 dictorum
1895 605 2146 640 Carmelitarum

276 668 413 702 fratrum
449 667 614 709 ordinem,
650 677 712 701 nos
748 665 1005 710 subsequentem
1040 668 1308 699 constitutionem
1343 665 1495 708 eandem7
1533 677 1596 711 quo
1632 666 1672 700 ad
1701 669 1812 700 onmia
1847 670 1880 700 in
1909 678 1949 700 ea
1978 671 2145 711 contenta‚

277 729 430 763 duximus
465 727 714 765 extentendam„
754 739 772 761 a
801 726 967 773 przedictis
1002 726 1197 773 Episcopis„
1232 726 1388 773 praelatis,
1424 727 1636 770 Rectorssms,
1674 727 1803 761 Curatis
1832 732 1864 761 et
1894 727 2146 771 Sacerdotibus„

276 795 392 824 contra
428 794 579 823 tenorem
615 791 860 822 constitutionis
896 788 1061 834 predicte,
1097 799 1222 833 graves
1257 789 1377 832 injurie
1413 792 1510 833 atque
1551 788 1702 822 molestie
1743 791 1777 822 in
1818 788 1961 823 dlversis
2000 788 2147 835 partibus

276 851 479 889 inferuntur„
521 850 636 896 Nuper
671 852 770 883 etiam
805 861 865 895 pro
898 853 992 895 parte
1026 849 1220 883 dilectorum
1255 848 1395 883 liliorum
1437 849 1605 893 Priorum,
1648 849 1847 893 Rectorum,
1885 848 2081 884 Curatorum
2117 854 2148 884 et

276 913 487 946 Vicariorum
517 911 744 957 parochalium
774 923 812 945 ac
842 910 1046 944 Clericorum
1077 915 1141 944 tam
1170 910 1387 955 Regularium
1417 921 1513 955 quam
1544 911 1744 945 secularium
1774 911 1925 945 Civitatis
1948 915 1979 945 et
2004 911 2147 946 diocesis

276 974 457 1019 Pragensis
491 972 586 1007 nobis
624 975 732 1006 extitit
766 975 961 1015 intimatum,
998 972 1084 1017 quod
1113 972 1252 1018 predicti
1281 971 1474 1006 eorumdem
1502 972 1762 1017 predicatorum,
1792 975 1967 1016 minorum,
1997 972 2148 1006 heremi-

276 1040 381 1069 tarum
410 1039 439 1068 et
471 1034 723 1067 Carnwlttamnn
752 1033 903 1067 ordinum
933 1033 1054 1067 l‘ratres
1083 1037 1199 1067 contra
1229 1038 1380 1067 tenorem
1416 1033 1592 1067 decretalis
1628 1033 1791 1078 ejusdem,
1834 1033 1933 1067 multa
1962 1033 2088 1068 eisdem
2116 1038 2148 1068 et
2192 1066 2194 1069 ,

277 1107 392 1130 eornm
429 1095 567 1134 singulis
601 1097 798 1140 gravamina
836 1099 869 1128 et
906 1096 1045 1139 injurias
1080 1094 1225 1129 inferunt
1261 1099 1293 1128 et
1322 1096 1490 1139 jacturas3
1533 1090 1617 1136 Quia
1659 1097 1760 1139 igitur
1798 1106 1915 1141 parum
1950 1099 2040 1130 esset
2070 1096 2147 1140 jura

275 1158 434 1200 condere„
476 1159 539 1191 nisi
582 1159 635 1202 qui
671 1156 788 1190 eadem
827 1160 968 1192 tueatur„
1004 1159 1137 1199 existat,
1170 1155 1241 1190 Nos
1270 1156 1423 1190 volentes
1453 1155 1492 1190 de
1520 1155 1657 1189 fratrum
1694 1160 1883 1190 nostrorum
1912 1155 2148 1191 consitio‘de-

275 1219 433 1253 cretalem
468 1218 649 1264 predictam
686 1230 787 1264 super
817 1217 1017 1251 Catbedram
1045 1217 1252 1262 integraliter
1281 1217 1469 1260 observari,
1513 1216 1704 1251 discretioni
1735 1222 1847 1252 vestre
1876 1229 1936 1264 per
1964 1217 2148 1263 apostolica

276 1283 397 1326 scripta
433 1279 645 1322 mandamus,
689 1283 852 1325 quatenus
895 1291 956 1313 vos
992 1279 1046 1313 vel
1082 1278 1146 1313 duo
1182 1283 1237 1313 aut
1265 1290 1350 1313 unns
1382 1283 1531 1313 vestrum
1560 1290 1620 1324 per
1647 1290 1710 1313 vos
1738 1278 1794 1313 vel
1823 1278 1920 1313 alium
1950 1282 2023 1313 sive
2052 1278 2146 1323 alios,

276 1345 374 1376 etiam
410 1344 437 1375 si
472 1344 535 1374 sint
570 1345 666 1374 extra
701 1340 774 1374 loca
818 1343 849 1374 in
884 1340 1002 1386 quibus
1038 1340 1185 1386 deputati
1222 1343 1314 1383 estis,
1357 1344 1618 1374 conservatores
1660 1340 1716 1374 vel
1753 1340 1885 1385 judices
1925 1344 1992 1375 tam
2020 1340 2148 1375 eisdem

276 1402 452 1450 prioribus.
483 1401 695 1445 Rectortbus,
727 1401 870 1445 Curatis,
900 1401 1141 1445 sacerdotibus,
1171 1404 1306 1435 vicariis
1336 1413 1375 1435 ac
1404 1401 1493 1437 clero
1523 1404 1693 1435 civitatum
1723 1413 1763 1435 ac
1792 1402 1974 1436 diocesium
2009 1401 2148 1448 predic—

276 1469 381 1499 torum
412 1468 444 1498 et
472 1474 585 1497 eorum
616 1462 750 1497 cuilibet
779 1463 944 1497 adversus
973 1462 1092 1498 fratres
1122 1463 1288 1508 predictos
1317 1474 1415 1508 quam
1438 1474 1455 1496 e
1472 1474 1640 1497 converso
1657 1462 1784 1497 eisdem
1804 1462 1962 1497 fratribus
1983 1462 2147 1498 adversus

275 1529 415 1572 prioresq
453 1525 631 1560 Rectorem
675 1528 820 1567 curatos,
857 1524 1064 1567 sacerdotes,
1098 1526 1246 1559 vicarios
1289 1535 1329 1558 ao
1361 1524 1486 1558 clerum
1521 1523 1669 1570 prefatos
1702 1528 1735 1558 et
1769 1524 1920 1570 singulos
1961 1523 2146 1559 eorundem

275 1586 422 1621 el'ticaeis
458 1585 665 1619 del'ensionis
700 1585 846 1631 presidio
889 1588 1086 1619 assistentes
1128 1597 1167 1619 ac
1200 1585 1362 1619 facientes
1397 1585 1598 1619 decretalem
1634 1585 1836 1632 praedictam,
1873 1596 1937 1631 quo
1967 1585 2007 1620 ad
2036 1588 2146 1620 omnia

275 1649 347 1692 ejus
374 1647 529 1693 capitulan
561 1651 656 1692 prout.
679 1648 807 1691 jacent⁷
837 1646 974 1681 firmiter
1002 1646 1177 1681 observari
1206 1658 1273 1680 non
1302 1649 1496 1692 permittatis
1525 1651 1640 1680 eontra
1671 1651 1820 1680 tenorem
1849 1649 1953 1693 ipsius
1980 1658 2042 1693 per
2069 1657 2146 1680 me-

276 1713 421 1742 moratos
451 1708 570 1742 l'ratrcs
599 1708 759 1742 dictorum
789 1708 940 1742 ordinum
969 1708 1095 1743 eisdem
1124 1707 1299 1754 prioribus.
1330 1707 1541 1751 Rectorssms,
1571 1710 1705 1751 curatis,
1735 1707 1975 1751 sacerdotibus,
2010 1709 2146 1742 vicariis

277 1781 316 1803 ac
346 1770 435 1803 clero
464 1770 519 1803 vel
549 1770 645 1803 alicui
676 1781 734 1804 seu
765 1769 926 1815 aliquibus
955 1770 1151 1812 eorundem,
1181 1781 1243 1804 nee
1272 1773 1371 1803 etiam
1407 1769 1575 1815 predictos
1610 1771 1752 1815 priores,
1788 1769 1965 1813 Rectores,
1999 1772 2144 1811 θυι-3105,

277 1831 482 1874 sacerdotes,
526 1833 672 1865 vicarios
707 1842 746 1865 ac
775 1831 899 1865 clerum
929 1842 988 1865 seu
1018 1831 1160 1877 aliquem
1190 1831 1242 1865 vel
1273 1831 1400 1876 aliquos
1430 1833 1575 1877 ipsorum
1606 1830 1733 1865 eisdem
1763 1829 1918 1865 fratribus
1946 1831 2144 1875 gravamina

277 1896 332 1925 aut
362 1894 498 1936 iujurias
528 1895 683 1935 irrogari„
714 1891 833 1926 facturi
862 1892 938 1926 binc
967 1892 1042 1926 inde
1071 1892 1111 1926 de
1141 1892 1392 1938 quibuscunque
1415 1894 1555 1937 injuriis„
1579 1891 1875 1934 iiiolestatimiilnis‚
1892 1889 2144 1936 gravaminibus

276 1957 307 1987 et
337 1952 487 1998 dampnis
525 1953 622 1987 illatis
659 1953 820 1987 hactenus·
850 1958 879 1987 et
910 1956 1008 1987 etiam
1037 1956 1070 1988 in
1098 1958 1268 1999 posterum
1311 1953 1492 1988 inferendis
1535 1953 1661 1988 eisdem
1691 1957 1807 1988 eontra
1836 1957 1983 1986 tenorem
2013 1954 2145 1986 consti-

277 2016 411 2048 tutionis
449 2014 610 2057 ejusdem„
645 2017 677 2048 in
711 2015 771 2049 illis
806 2015 963 2049 videlicet
999 2018 1053 2060 qui
1087 2015 1278 2059 judicialem
1309 2015 1499 2059 indaginem
1529 2017 1710 2060 requirunt,
1747 2015 1923 2048 summarie
1952 2012 2145 2059 simpliciter

242 2079 246 2084 ’
276 2079 308 2109 et
346 2075 386 2109 (le
425 2075 535 2121 plano„
572 2078 644 2109 sine
678 2079 815 2121 strepitu
849 2080 880 2110 et
921 2076 1026 2121 ligura
1056 2076 1183 2121 judicii.
1221 2079 1251 2110 in
1282 2076 1354 2110 aliis
1383 2081 1492 2110 autem
1519 2079 1617 2122 'prout
1645 2079 1792 2122 ipsorum
1821 2074 1961 2119 qualitas
1989 2077 2145 2119 exegerit

272 2137 397 2180 justitie
426 2135 701 2181 complementum
733 2137 962 2171 molestatores
993 2142 1023 2171 et
1054 2139 1266 2181 injuriatores
1296 2136 1482 2181 hujusmodi
1511 2149 1574 2171 nec
1604 2148 1667 2171 non
1698 2135 1958 2170 contradictores
1980 2135 2145 2181 quoslibet

276 2201 307 2231 et
336 2196 505 2239 Rebelles‚
536 2197 801 2243 quamloeunque
830 2203 860 2232 et
890 2202 1152 2245 quotiescunque
1181 2198 1366 2245 expedierit
1395 2210 1455 2245 per
1482 2209 1659 2233 censuram
1688 2196 1952 2230 ecclesiasticam
1989 2196 2144 2243 appella-

277 2261 364 2292 tione
408 2260 589 2304 postposita
627 2260 883 2304 coumescendo.
927 2259 1001 2294 Non
1037 2259 1244 2295 obstantibus
1279 2259 1531 2306 quilniscnnque
1564 2257 1829 2303 exemptionibus
1859 2257 2059 2304 specialibus
2087 2257 2143 2292 vel

276 2319 490 2363 generalibus
520 2323 584 2353 tam
614 2319 769 2353 fratribus
798 2325 830 2354 ct
858 2321 1027 2354 ordinibus
1056 2321 1212 2368 predictis
1248 2321 1305 2356 vel
1340 2321 1437 2355 alicui
1473 2331 1532 2354 seu
1567 2317 1728 2363 aliquibus
1763 2318 1900 2352 fratrum
1929 2323 1962 2353 et
1989 2318 2142 2353 ordinum

277 2380 457 2413 eorundem
493 2391 589 2425 quam
633 2380 777 2426 pi·a=satis
812 2381 986 2426 prioribus„
1031 2382 1239 2419 Hectoribus.
1276 2385 1412 2425 curatis⁷
1441 2378 1681 2421 sacerdotibus,
1716 2382 1852 2414 vicariis
1880 2391 1920 2414 ac
1948 2379 2051 2423 clero⁷
2081 2390 2142 2414 seu

278 2443 421 2486 ipsorum
465 2441 561 2475 alicui
605 2453 663 2475 seu
707 2441 871 2487 aliquibus
900 2446 1119 2477 communiter
1146 2443 1199 2478 vel
1229 2443 1360 2477 divisim
1390 2441 1450 2477 sub
1479 2452 1674 2486 quacunque
1704 2440 1809 2475 forma
1838 2441 1891 2475 vel
1921 2443 2142 2487 expressione

276 2501 455 2535 verborum
486 2502 526 2536 ab
555 2502 673 2536 eadem
703 2502 783 2536 sede
812 2506 984 2537 concessis
1013 2516 1052 2537 ac
1082 2504 1231 2549 ejusdem
1261 2504 1437 2546 Bonil'acii‚
1467 2512 1530 2546 qua
1560 2507 1699 2536 cavetur
1728 2514 1769 2536 ne
1789 2502 1905 2549 aliquis
1929 2506 2024 2536 extra
2047 2513 2140 2537 suam

277 2565 444 2596 civitatem
488 2563 540 2597 vel
578 2564 737 2597 diocesim
780 2566 842 2597 nisi
887 2566 917 2597 in
953 2568 1052 2598 certis
1082 2568 1233 2611 exeeptis
1262 2564 1397 2598 casibus
1425 2566 1457 2597 et
1485 2565 1515 2596 iu
1547 2562 1608 2597 illis
1637 2562 1720 2597 ultra
1751 2574 1849 2597 unam
1879 2563 2000 2597 dietam
2029 2574 2047 2597 a
2077 2562 2142 2596 line

277 2634 336 2656 sue
365 2623 508 2657 diocesis
537 2625 576 2658 ad
602 2625 761 2668 judicium
791 2629 961 2659 euocetur.
993 2625 1059 2659 Seu
1090 2638 1131 2660 ne
1156 2626 1288 2671 judices
1317 2629 1348 2659 et
1376 2628 1635 2658 conservatores
1664 2636 1682 2658 a
1711 2624 1792 2658 sede
1821 2624 1965 2671 deputati
1993 2623 2141 2670 predicta
