2309 2989
1026 219 1074 253 79

119 332 271 378 equidem
299 331 386 377 quod
416 331 469 365 ubi
499 342 561 365 vos
590 334 792 366 taxationem
823 331 1019 366 decimalem
1054 331 1218 366 fructuum
1254 332 1437 367 reddituum
1473 338 1504 368 et
1538 339 1759 380 proventuum
1795 334 1981 371 huiusmodi

118 395 213 439 primi
242 395 319 426 anni
348 403 407 438 pro
436 392 577 426 Camere
606 396 718 426 nostra
749 391 873 426 babere
909 393 1058 428 malletis.
1095 393 1282 428 obtinentes
1319 396 1389 440 ipsa
1424 393 1584 428 beneficia
1620 395 1780 430 dictorum
1816 395 1979 431 fructuum

119 453 302 488 reddituum
338 457 369 486 et
405 457 625 499 proventuum
661 452 828 486 residuum
865 453 995 488 labituri
1031 454 1071 488 de
1106 454 1234 488 eisdem
1270 454 1429 489 fructibus
1469 455 1649 489 redditibus
1684 461 1715 490 et
1749 456 1977 502 proventibus„

118 524 202 559 quos
231 525 272 548 eo
301 525 380 548 casu
410 515 507 549 iidem
536 514 725 548 obtinentes
754 517 786 548 in
815 518 915 548 totum
945 514 1141 559 colligerent
1181 514 1321 549 eandem
1350 518 1555 549 taxationem
1596 515 1693 550 vobis
1735 517 1904 551 solverent
1944 519 1977 551 in

118 577 197 621 ipsis
226 574 354 609 duobus
383 578 530 609 terminis
559 579 591 608 ut
621 577 817 620 premittitur
844 575 1027 609 statuendis
1055 579 1087 609 et
1114 575 1335 609 sufficientem
1364 579 1552 610 cautionem
1587 576 1683 610 vobis
1718 577 1758 611 de
1791 577 1978 612 huiusmodi

117 635 282 670 solutione.
311 640 506 682 prestarent.
538 634 599 669 L‘hi
628 646 711 669 vero
740 646 803 669 vos
832 638 1034 670 taxationem
1056 636 1238 682 predictam
1260 636 1482 670 obtinentibus
1505 636 1666 671 beneficia
1694 640 1763 683 ipsa
1790 638 1977 684 relinquere

117 700 149 730 et
183 696 354 741 eligeretis
391 696 516 730 habere
549 695 718 730 residuum
753 695 918 730 fructuum
954 696 1137 730 reddituum
1173 701 1205 731 et
1238 702 1459 744 proventuum
1495 697 1688 741 0010011010,
1729 702 1804 732 111110
1840 710 1900 732 vos
1936 699 1977 733 de

117 760 197 803 ipsis
225 757 384 791 fructibus
411 756 591 791 redditibus
620 761 650 790 et
680 756 895 803 proventibus
924 768 1006 803 quos
1035 760 1067 791 in
1103 762 1204 792 totum
1240 758 1454 803 colligerctis,
1491 770 1531 792 eo
1566 770 1646 792 casu
1682 759 1857 793 solveretis
1885 760 1978 793 obti—

115 817 271 853 neutibus
300 818 386 852 dicta
413 817 576 852 beneficia
606 821 809 851 taxationem
839 818 979 852 eandem
1008 821 1040 852 in
1070 818 1198 853 duobus
1226 821 1374 853 terminis
1410 819 1560 853 similiter
1588 819 1781 854 statuendis.
1819 820 1885 853 Sed
1914 832 1976 854 1100

116 883 268 925 pretextu
304 879 452 913 desectus
489 879 688 913 solutionum
725 878 910 912 huiusmodi
945 879 1098 913 volumus
1134 884 1167 913 ut
1201 880 1242 913 ad
1277 880 1411 915 calices.
1448 891 1578 914 cruces.
1615 892 1697 914 vasa
1733 892 1841 923 sacra,
1876 880 1975 915 libros

116 940 170 973 vel
199 944 323 983 vestes,
354 951 392 973 ac
421 939 507 973 bona
538 939 670 973 mobilia
701 939 812 973 divino
842 943 913 973 usui
943 939 1092 974 dedicata
1123 952 1240 974 manus
1269 941 1476 985 aliquatenus
1506 941 1738 975 extendantur.
1771 940 1810 974 Et
1839 944 1975 987 insuper

115 1000 327 1035 venerabiles
356 1000 476 1034 fratres
518 1005 650 1034 nostros
693 1000 890 1046 Episcopos.
921 1005 951 1034 et
981 1001 1118 1035 dilectos
1148 1001 1231 1035 lilios
1266 1001 1429 1039 Abbates,
1466 1001 1609 1036 Priores.
1645 1001 1813 1037 Decanos.
1848 1001 1976 1035 Archi-

114 1061 287 1096 diaconos.
323 1064 521 1108 prepositos.
557 1061 719 1107 plebanos
755 1061 1075 1107 Arm-lupresbvteros
1108 1067 1138 1095 ct
1172 1062 1347 1096 Rectores.
1388 1062 1535 1108 Capitula
1576 1073 1717 1108 quoquc.
1754 1063 1907 1107 collegia,
1943 1067 1976 1096 et

115 1122 308 1156 Conventus
337 1126 534 1167 ceterasque
562 1133 724 1168 personas
753 1121 1010 1165 ecclesiasticas,
1041 1133 1103 1156 nec
1133 1134 1197 1157 11011
1226 1126 1356 1169 priores
1392 1135 1431 1157 ac
1459 1128 1674 1169 preceptores
1710 1134 1768 1158 seu
1798 1126 1976 1168 magistros

114 1187 146 1217 in
176 1184 289 1218 litteris
323 1183 451 1219 eisdem
493 1194 686 1229 expressos.
729 1186 941 1229 ipsorumque
984 1184 1055 1217 loca
1099 1188 1250 1218 tenentes
1291 1195 1350 1230 1101
1390 1184 1515 1218 litteras
1558 1184 1764 1230 supradictas
1806 1184 1974 1227 rogandos

114 1244 298 1278 monendos
327 1247 481 1278 attentius
524 1244 688 1277 duximus.
733 1255 771 1277 ac
800 1247 898 1277 ctiam
940 1244 1167 1278 exhortandos
1197 1257 1235 1279 ac
1264 1244 1361 1279 vobis
1404 1249 1432 1279 et
1463 1248 1511 1279 eis
1540 1257 1600 1291 per
1640 1245 1822 1291 apostolica
1852 1247 1973 1291 scripta

113 1305 269 1340 destricte
297 1305 512 1352 precipiendo
543 1305 738 1338 mandantes
781 1309 811 1338 et
854 1307 884 1338 111
929 1308 1158 1339 remissionem
1203 1309 1432 1352 peccaminum
1469 1309 1672 1351 iniugentes.
1715 1311 1747 1339 111
1790 1305 1977 1340 huiusmodi

112 1369 236 1400 vestris
264 1371 295 1401 et
324 1366 485 1413 pre-libate
523 1366 666 1399 ecclesie
695 1365 949 1399 necessitatibus
978 1366 1099 1400 devoto
1129 1370 1368 1412 compatientes
1398 1367 1514 1401 affectu
1551 1367 1747 1401 collectores
1783 1378 1883 1413 super
1911 1366 1975 1400 lioc,

113 1427 320 1473 deputandos
350 1439 368 1461 0
397 1427 494 1461 nobis
523 1431 554 1461 et
584 1426 852 1460 Subcollectores
883 1438 965 1472 quos
1001 1439 1060 1473 per
1095 1440 1154 1462 005
1190 1428 1229 1461 ad
1267 1427 1295 1461 id
1332 1431 1541 1473 contingeret
1577 1427 1726 1474 deputari
1762 1433 1793 1461 01
1828 1430 1973 1473 ipsorum

113 1487 290 1534 quemlibet
318 1488 423 1522 dictos
452 1487 576 1522 fructus
606 1487 750 1521 redditus
779 1492 810 1521 et
839 1493 1021 1534 proventus
1051 1500 1110 1534 per
1139 1488 1223 1522 idem
1253 1488 1446 1522 Triennium
1482 1489 1644 1522 inclusive
1683 1492 1713 1522 111
1749 1488 1854 1522 forma
1890 1499 1973 1534 prc-

112 1552 234 1595 scripta
263 1553 378 1595 petere
407 1549 566 1593 colligere
596 1551 736 1593 exigere
765 1552 795 1582 et
825 1551 976 1594 recipere
1005 1548 1129 1595 absque
1159 1549 1297 1583 alicuius
1327 1548 1525 1583 difficultatis
1553 1549 1971 1595 obstaculopermitteretis

110 1609 215 1644 libere
243 1614 275 1644 et
303 1609 376 1643 illos
406 1614 501 1655 prout
531 1613 618 1643 esset
648 1612 679 1642 111
708 1608 806 1643 vobis
835 1613 865 1642 ct
894 1612 942 1643 eis
972 1609 1066 1643 dictis
1104 1610 1344 1644 Collectoribus
1379 1610 1433 1645 vel
1469 1621 1582 1644 eorum
1612 1610 1707 1643 alicui
1744 1613 1797 1643 aut
1832 1608 1972 1643 subcol-

112 1670 290 1705 lectoribus
332 1673 522 1703 memoratis
565 1669 695 1703 tradere
737 1674 767 1703 et
797 1669 956 1704 exhibere
999 1673 1177 1705 curraretis
1219 1683 1278 1717 per
1319 1682 1378 1705 eos
1420 1671 1609 1717 supradicte
1651 1670 1793 1704 ecclesie
1830 1669 1971 1704 Camere

112 1731 349 1776 assignandos.
381 1730 546 1772 Quocirca
577 1730 766 1764 discretioni
797 1735 921 1765 vestre.
952 1731 992 1765 de
1021 1742 1083 1777 qua
1112 1732 1243 1777 plenam
1273 1734 1303 1765 111
1333 1732 1476 1766 Domino
1507 1731 1657 1765 liduciam
1685 1730 1882 1773 obtinemus.
1911 1741 1972 1776 per

112 1792 295 1838 apostolica
325 1794 448 1838 scripta
478 1791 672 1825 mandamus
708 1793 859 1836 quatinus
892 1802 954 1825 vos
990 1796 1021 1825 et
1056 1792 1189 1838 (1111111101
1223 1797 1371 1827 vestrum
1406 1792 1552 1838 prefatos
1588 1792 1723 1828 11001115,
1759 1791 1904 1825 redditus
1939 1795 1972 1824 et

110 1857 294 1899 proventus
322 1864 382 1899 per
408 1864 472 1886 vos
501 1857 531 1887 ct
561 1852 829 1886 Subcollectorcs
859 1852 1024 1898 predictos
1052 1853 1107 1887 vel
1136 1864 1250 1886 eorum
1280 1853 1420 1898 aliquem
1450 1852 1626 1896 diligenter
1660 1857 1775 1899 petere
1810 1852 1970 1897 colligere

111 1917 252 1959 exigere
281 1918 312 1948 et
345 1916 497 1960 recipere
540 1918 654 1947 nostro
690 1918 721 1946 et
756 1913 900 1947 ecclesie
939 1913 1086 1959 predicte
1128 1916 1260 1947 1101111110
1303 1913 1473 1947 studeatis.
1519 1913 1622 1947 vobis
1665 1913 1894 1947 nichilominus
1936 1915 1969 1946 111

110 1978 233 2008 virtute
261 1974 450 2009 obedientie
479 1978 510 2008 et
539 1974 598 2008 sub
628 1976 982 2007 excommunicationis
1017 1985 1102 2020 pena
1133 1974 1308 2008 districtius
1338 1976 1562 2019 iniungentes.
1600 1985 1641 2007 ne
1670 1976 1843 2020 pecuniam
1874 1973 1969 2007 sruc-

112 2041 212 2070 tuum.
260 2035 457 2078 reddituum,
501 2039 531 2069 ct
573 2039 793 2080 proventuum
835 2034 1027 2068 eoruimlem
1074 2034 1261 2068 distraliatis
1308 2034 1552 2080 quomodolibet
1594 2035 1646 2068 vel
1690 2037 1720 2068 111
1765 2045 1844 2068 usus
1886 2033 1968 2067 alios

111 2100 325 2141 convertatis,
355 2096 414 2131 sed
442 2096 529 2130 illam
558 2096 696 2130 lidelitcr
724 2095 830 2129 eidem
861 2095 1000 2129 Camere
1030 2098 1204 2141 assignare
1239 2098 1373 2129 curetis.
1409 2095 1479 2130 Nos
1508 2098 1594 2129 enim
1631 2095 1728 2129 vobis
1757 2099 1787 2129 et
1817 2099 1963 2128 vestrum

111 2156 243 2191 cuilibet
270 2157 415 2204 petendi.
444 2157 634 2202 colligendi.
665 2156 823 2201 exigendi
853 2160 883 2189 et
912 2156 1093 2202 recipiendi
1123 2161 1235 2190 nostro
1264 2160 1296 2190 et
1324 2156 1468 2190 ecclesie
1496 2155 1624 2202 prefate
1654 2159 1785 2190 nomine
1815 2167 1874 2201 1101
1900 2166 1964 2188 vos

111 2222 141 2252 et
184 2217 453 2253 Suhcollectores
495 2218 630 2253 eosdem
672 2222 702 2251 et
744 2217 894 2261 singulos
935 2209 1057 2251 eorum'
1085 2217 1209 2251 fructus
1251 2216 1395 2251 redditus
1437 2221 1469 2251 et
1497 2221 1679 2263 proventus
1720 2219 1900 2262 premissos
1934 2220 1965 2249 et

112 2278 380 2313 Subcollectores
422 2279 566 2313 mutandi
609 2278 776 2325 predictos
818 2282 848 2311 et
878 2277 959 2312 alios
1003 2277 1216 2321 subrogandi7
1261 2281 1411 2324 quotiens
1455 2277 1552 2312 vobis
1595 2282 1625 2311 et
1655 2277 1792 2321 singulis
1821 2280 1967 2310 vestrum

111 2338 271 2385 expedire
299 2338 465 2373 videbitur
504 2351 566 2374 nec
595 2351 660 2373 non
704 2338 972 2373 Contradictores
1015 2338 1177 2384 quoslibet
1219 2343 1249 2373 et
1278 2338 1419 2373 rebelles
1448 2342 1633 2385 quicunque
1669 2343 1699 2371 01
1733 2340 1967 2381 cuiuscumque

110 2399 310 2434 conditionis
352 2403 570 2446 preminentic
611 2400 778 2445 dignitatis
821 2399 944 2433 ordinis
987 2404 1040 2433 aut
1069 2404 1173 2433 status
1215 2403 1358 2434 existant
1398 2411 1458 2446 per
1486 2410 1663 2434 censuram
1706 2398 1967 2432 ecclesiasticam

112 2460 333 2507 appellatione
374 2464 554 2507 postposita
596 2460 841 2507 compescendi.
885 2459 958 2494 Non
1003 2460 1208 2494 obstantibus
1250 2460 1401 2495 omnibus
1443 2460 1640 2506 supradictis
1681 2470 1739 2492 seu
1783 2461 1808 2492 si
1844 2457 1967 2491 Electis

112 2520 298 2555 Abbatibus
327 2520 495 2555 Prioribus
528 2521 674 2556 Decanis
715 2521 972 2555 Archidiaconis
1014 2525 1045 2555 et
1087 2521 1159 2555 aliis
1196 2524 1348 2567 superius
1388 2523 1564 2555 nominatis
1607 2519 1660 2553 vel
1702 2521 1853 2565 personis
1895 2517 1968 2551 aliis

111 2581 372 2627 quibuscumque
401 2593 440 2616 00
469 2592 584 2616 eorum
613 2581 782 2616 ordinibus
812 2582 1000 2628 specialiter
1028 2581 1082 2616 vel
1110 2582 1322 2626 generaliter,
1353 2584 1571 2616 communiter
1598 2580 1652 2614 vel
1681 2579 1811 2613 divisim
1839 2590 1857 2612 a
1887 2577 1967 2613 sede

113 2641 239 2688 prefata
268 2642 426 2676 indultum
455 2645 587 2685 existat,
617 2643 704 2688 quod
733 2645 1026 2685 excommunicari.
1057 2642 1215 2689 suspendi
1241 2643 1297 2681 vel
1327 2642 1475 2676 interdici
1506 2652 1571 2675 11011
1600 2643 1727 2686 possint
1755 2651 1815 2685 per
1842 2639 1967 2673 litteras

112 2703 311 2749 apostolicas
340 2714 406 2737 non
428 2703 589 2738 facientes
618 2704 748 2750 plenam
770 2708 801 2738 et
824 2714 1020 2750 expressam
1050 2715 1089 2737 ac
1113 2703 1153 2738 de
1179 2702 1283 2737 verbo
1307 2703 1346 2737 ad
1369 2702 1507 2737 verbum
1531 2701 1570 2735 de
1593 2700 1747 2734 mandato
1770 2699 1967 2743 huiusmon
