2357 3021
1060 221 1069 223 ἢ
1084 166 1135 223 461

172 286 325 321 homines
354 288 425 319 siue
459 296 637 331 pauperes.
681 283 824 329 aliquem
867 283 919 317 uel
949 283 1076 329 aliquos
1112 283 1308 318 eorundem.
1345 295 1405 330 pro
1449 283 1701 330 quibuscunque
1743 287 1855 319 causis
1892 284 1933 318 ad
1962 296 2058 320 suum

172 348 328 383 iudicium
361 358 520 390 euocare.
551 349 669 380 citare.
699 345 950 392 condempnare
978 356 1053 380 -seu
1083 344 1230 379 iudicare
1259 350 1454 392 presumant
1495 349 1590 391 regie
1633 346 1838 380 celsitudinis
1875 349 2059 392 ingratitu-

173 410 284 444 dinem
320 412 346 443 si
383 411 456 454 quis
492 420 591 443 secus
626 410 845 454 presumserit
879 410 1084 441 incursurus.
1128 406 1168 441 Et
1204 406 1417 441 nibilominus
1453 409 1654 453 quitcunque
1682 420 1742 454 per
1771 408 1910 443 eosdem
1946 407 2059 442 bene-

172 471 320 506 ficiarios
350 475 405 504 aut
433 470 570 504 Judices
598 473 732 504 nostros
761 473 877 503 contra
900 468 1048 515 predicte
1075 468 1236 503 libertatis
1258 472 1409 512 graciam
1433 473 1660 516 attemptatum
1683 469 1781 503 suerit
1810 473 1842 504 in
1871 481 2058 515 gratianien

173 533 334 580 sepedicti
362 532 558 567 Monasterii
586 534 627 566 sit
655 533 783 565 irritum
811 535 843 564 et
872 533 983 565 inane.
1014 530 1051 564 In
1080 541 1221 576 quorum
1251 533 1475 565 testimonium
1503 535 1535 565 et
1558 530 1660 564 robur
1688 536 1848 577 perpetuo
1877 531 2057 566 valiturum

172 599 347 642 presentes
371 594 496 629 litteras
523 593 595 627 fieri
617 596 650 627 et
671 592 857 638 sigillorum
887 597 1076 627 nostrorum
1105 595 1286 627 munimine
1315 592 1456 627 fecimus
1485 592 1668 627 liberaliter
1696 596 1905 628 communiri.
1936 593 2059 627 Datum

175 657 293 692 Breme
323 657 424 691 Anno
453 655 577 690 domini
618 653 796 689 Millesiino
826 654 1080 689 Trecentesimo
1118 653 1376 696 Quintodecimo
1406 655 1439 699 ij.
1471 654 1544 689 Kal.
1574 653 1706 699 lilarcij.
1737 654 1933 700 Regnorum
1975 666 2059 690 vero

173 718 375 754 Nostrorum
405 718 508 752 Anno
538 715 674 758 Quinto.

488 788 577 823 (Orig.
603 788 751 814 membran.
777 796 835 814 011111
860 787 953 822 sigillo
979 787 1111 814 bilaterali
1137 787 1231 822 majori
1257 788 1326 814 bene
1357 791 1522 814 conservato
1551 788 1576 814 in
1608 788 1718 814 archivo
1750 787 1871 823 ejusdem
1902 788 2059 815 monasterii

593 841 662 876 apud
683 841 712 868 C.
732 840 895 868 R.Gubern.
921 841 1015 868 Brona*
1040 842 1089 867 sub
1115 840 1163 868 Lit.
1202 841 1234 868 A.
1261 849 1286 867 n.
1313 840 1362 868 36.
1390 845 1414 867 et
1442 841 1513 867 atiud
1545 841 1594 868 sub
1624 841 1672 868 Lit.
1705 841 1737 868 A.
1762 841 1808 868 vi.
1840 849 1866 868 11.
1897 840 1964 868 197.
2002 841 2060 868 Ex-

593 903 701 921 cussum
726 893 795 929 apud
820 894 968 920 Steinbach
992 894 1024 921 11.
1049 903 1075 929 p.
1103 894 1169 926 50.)

172 1059 363 1094 Jolmmzes.
394 1058 570 1093 Bobemi'ae
599 1070 676 1092 res.
707 1059 828 1092 emituit
858 1057 1017 1092 abbatem
1047 1061 1081 1091 et
1115 1061 1313 1091 com-eatam
1351 1059 1556 1091 monasterie-⁸
1595 1057 1889 1093 ΠἩθῇι-αιίθηεῖε.
1927 1068 2061 1091 necnon

173 1121 325 1156 homines
361 1122 394 1154 z'n
432 1122 582 1165 ipsorum
615 1119 896 1165 possessionibus
931 1123 999 1153 tam
1036 1121 1067 1152 2⁴11
1104 1119 1266 1153 Moraria
1301 1131 1401 1165 quam
1440 1119 1597 1164 Oppore'a
1633 1119 1797 1164 deqeletes
1826 1131 1849 1153 a
1879 1122 2061 1164 potestate

296 1186 331 1216 ct
351 1183 600 1228 jurisdictione
630 1181 927 1226 beneficiariorum
958 1182 1142 1227 reqiorum.
1174 1180 1234 1215 Dt.
1266 1181 1395 1215 Bremoe
1432 1181 1486 1216 ΓΙ.
1518 1181 1640 1215 Nonas
1668 1181 1794 1215 Martii
1821 1180 1934 1215 1315.

349 1260 545 1315 Johannes
575 1279 627 1313 dci
657 1282 773 1325 gracia
803 1278 941 1313 Boemie
971 1283 1001 1312 et
1032 1278 1170 1312 Polonie
1199 1278 1287 1313 Rex.
1326 1290 1364 1313 ac
1395 1278 1702 1324 Inicemburgensis
1732 1277 1867 1313 Comes.
1899 1277 2061 1313 Omnibus

173 1345 415 1389 inperpetuum.
447 1341 517 1376 Sub
547 1343 660 1387 rigore
689 1341 863 1387 religionis
893 1343 1113 1387 omnipotenti
1149 1340 1283 1375 domino
1320 1340 1556 1375 famulantilms
1587 1340 1756 1375 liberalem
1793 1340 1920 1375 fauoris
1957 1343 2061 1375 nostri

173 1406 324 1450 graciam
353 1403 495 1438 libenter
523 1403 756 1450 impendimus.
786 1407 821 1437 vt
850 1414 891 1437 00
914 1402 1087 1437 comodius
1110 1402 1314 1448 liberiusque
1337 1402 1458 1436 diuinis
1482 1405 1637 1436 insistant
1665 1402 1807 1436 cultibus
1830 1413 1896 1448 quo
1920 1402 2061 1449 amplius

174 1477 193 1500 a
222 1465 432 1500 Seeularium
473 1465 626 1499 Judicum
668 1467 860 1511 vexacione
903 1464 1073 1511 multiplici
1116 1463 1237 1499 fuerint
1266 1464 1361 1498 liberi
1403 1469 1435 1498 et
1477 1464 1586 1499 soluti.
1633 1464 1895 1499 Considerantes
1938 1467 2060 1498 etenim

174 1530 322 1574 ipsorum
365 1526 565 1561 famulorum
608 1526 671 1561 Dei
713 1526 937 1561 columbinam
981 1526 1237 1572 simplicitatem.
1282 1537 1343 1572 per
1390 1526 1598 1572 ‹piorundam
1646 1526 1848 1560 secularium
1892 1525 2061 1561 hominum

174 1589 345 1635 vulpinam
375 1591 547 1624 astuciam.
578 1591 610 1623 in
640 1590 794 1634 negocijs
817 1588 1016 1634 quibuslibet
1046 1593 1144 1634 atque
1167 1591 1278 1622 causis
1302 1591 1415 1634 sepius
1439 1588 1661 1634 multipliciter
1683 1587 1886 1631 defraudari,
1911 1590 2060 1633 ipsorum

174 1651 376 1697 simplicitati
419 1662 616 1684 succurrere
659 1653 780 1684 iustum
823 1653 924 1697 pium.
969 1655 1000 1684 01
1042 1653 1271 1684 necessarium
1315 1650 1546 1691 iudicauiimis.
1592 1662 1635 1684 ex
1668 1651 1919 1696 preeminencia
1949 1648 2059 1694 Regie

173 1711 370 1747 Maiestatis.
402 1715 494 1746 viros
524 1715 624 1757 igitur
640 1712 831 1757 Religiosos
850 1740 856 1746 .
877 1740 882 1746 .
900 1712 1070 1746 Abbatem
1088 1716 1119 1746 et
1145 1711 1377 1746 Conuentuum
1400 1711 1596 1756 Monasterij
1620 1710 1902 1756 U'elegradensis
1926 1709 2061 1744 Ordinis

175 1773 423 1817 Cistercicnsis‚
453 1785 587 1808 necnon
618 1773 771 1808 homines
801 1779 1027 1809 comorantes.
1066 1777 1097 1807 in
1128 1773 1402 1820 possessionibus
1439 1776 1585 1819 ipsorum
1621 1777 1686 1806 tam
1723 1775 1755 1806 in
1792 1776 1878 1806 terra
1907 1771 2061 1806 Morauie

174 1847 273 1882 quam
316 1836 479 1882 Oppauie.
524 1847 542 1869 a
585 1840 751 1882 potestate
794 1840 825 1869 et
867 1836 1103 1869 iurisdiccione
1146 1835 1437 1869 beneficiariorum
1481 1839 1671 1868 nostrorum
1721 1839 1754 1869 et
1787 1833 1953 1871 Judicum.
1995 1838 2061 1867 tam

173 1898 440 1945 prouincialium.
471 1909 569 1944 quam
599 1900 704 1931 00111111
730 1898 905 1931 Ciuitatum
935 1896 1154 1943 quarumlibet
1184 1899 1280 1941 regni
1311 1899 1414 1930 nostri
1437 1908 1481 1930 ex
1505 1901 1571 1930 toto
1595 1899 1772 1930 eximimus
1800 1900 1831 1930 01
1855 1895 2060 1930 absoluimus

175 1959 288 1994 diuine
330 1959 567 1994 retribucionis
610 1962 727 1993 intuitu
770 1959 810 1993 de
844 1961 960 2001 gracia
989 1958 1139 2004 speciali.
1183 1957 1229 1991 lta
1259 1962 1293 1992 vt
1323 1969 1386 1991 nec
1429 1958 1588 1994 Brunam.
1632 1957 1787 2001 Bi5011CZ‚
1824 1957 1976 1993 Prerow.
2007 1957 2060 1991 uel

176 2020 377 2068 Oppauiam.
421 2032 484 2056 uec
527 2021 621 2057 alias.
666 2021 706 2055 ad
749 2032 949 2066 quecunque
991 2020 1121 2054 Judicia
1164 2031 1224 2066 pro
1254 2022 1365 2054 causis
1408 2024 1463 2054 aut
1492 2020 1596 2066 culpis
1630 2019 1894 2066 quibuscumque
1937 2018 2061 2053 debent

176 2083 331 2118 ammodo
360 2086 510 2118 evocari.
543 2082 610 2117 Sed
641 2094 757 2117 omnes
786 2082 882 2128 culpe
913 2085 984 2116 siue
1014 2093 1116 2116 cause
1145 2093 1249 2128 paruo
1279 2086 1334 2115 11111
1363 2093 1485 2127 magne
1515 2093 1726 2128 quocumque
1762 2084 1898 2116 nomine
1934 2092 2063 2115 cense-

177 2149 283 2189 antur,
313 2155 397 2191 quas
427 2147 627 2191 quicumque
651 2143 832 2187 hominum.
857 2148 973 2178 contra
996 2143 1164 2190 predictos
1188 2143 1288 2177 Yiros
1312 2143 1507 2189 Religiosos
1538 2171 1544 2177 .
1577 2171 1583 2177 .
1615 2143 1782 2178 Abbatem
1805 2147 1837 2177 01
1853 2142 2062 2177 Conuentum

176 2205 485 2252 XVelegradensem
515 2211 546 2241 01
577 2209 725 2253 ipsorum
754 2205 908 2240 homines
935 2205 1136 2252 pretendere
1159 2208 1277 2251 poterit
1301 2210 1357 2239 aut
1386 2205 1528 2239 voluerit
1551 2208 1583 2239 in
1608 2208 1753 2252 ipsorum
1777 2203 2060 2251 possessionibus

177 2279 238 2314 per
263 2267 401 2303 Judices
431 2273 463 2303 et
490 2268 628 2302 Juratos
658 2267 699 2302 ab
728 2267 863 2302 Abbate
892 2272 923 2301 et
953 2267 1128 2301 Conuentu
1157 2266 1338 2313 sepedictis
1367 2270 1565 2302 constitutos
1587 2267 1642 2302 vel
1671 2265 1923 2301 constituendos
1947 2269 2062 2312 impo-

179 2334 305 2364 sterum
334 2330 530 2364 iudicentur.
562 2329 724 2364 Volumus
753 2331 860 2363 eciam
896 2333 927 2363 et
956 2328 1165 2372 mandamus,
1195 2333 1228 2363 et
1263 2329 1441 2375 singularis
1478 2332 1594 2374 gracie
1632 2328 1810 2373 Priuilegio
1847 2327 2058 2373 indulgemus

178 2396 214 2425 vt
244 2419 251 2425 .
284 2419 290 2425 .
322 2391 450 2427 Abbas.
495 2391 615 2426 fratres
657 2396 690 2425 et
719 2391 871 2425 homines
913 2389 1109 2435 Monastcrij
1141 2390 1277 2437 predicti
1322 2393 1353 2425 in
1384 2390 1593 2426 Ciuitatibos.
1638 2393 1669 2424 in
1700 2390 1795 2424 Villis
1832 2394 1888 2423 aut
1916 2392 1947 2423 in
1978 2388 2059 2422 locis

178 2452 369 2487 forensibus
398 2453 661 2499 quibuscumque
691 2464 756 2487 11011
788 2452 931 2487 debeant
961 2455 1130 2486 arrestari.
1162 2452 1315 2487 detineri.
1347 2455 1577 2499 impignorari.
1609 2454 1695 2498 capi.
1726 2451 1781 2486 vel
1813 2449 2064 2496 quomodolibet

179 2514 324 2560 fatigari.
356 2525 416 2560 pro
458 2514 576 2549 debitis
605 2515 788 2550 dumtaxat.
832 2517 895 2548 nisi
938 2514 1023 2548 forte
1067 2517 1195 2548 iusticia
1239 2515 1280 2549 ab
1309 2514 1444 2549 Abbate
1487 2514 1605 2549 eodem
1648 2518 1703 2548 aut
1745 2525 1762 2547 a
1793 2515 1861 2547 suis
1889 2512 2063 2546 Judicibus

179 2578 424 2610 conuenienter
452 2579 609 2622 requisita
639 2576 750 2613 suerit.
780 2581 812 2610 et
842 2580 976 2621 negata.
1007 2575 1204 2610 Huiusmodi
1234 2581 1344 2611 autem
1374 2578 1620 2622 exempcionis.
1651 2574 1876 2609 absolui-ionis
1901 2573 2065 2609 01111101·-

180 2640 254 2672 tatis
295 2639 446 2676 =«graciam
491 2637 616 2672 habere
657 2638 813 2672 volumus
856 2637 958 2672 robur
1000 2642 1159 2684 perpetue
1202 2637 1364 2673 firmitatis
1407 2649 1474 2672 non
1517 2636 1726 2671 obstantibus
1768 2638 1900 2685 scriptis
1927 2635 2063 2670 ,Iuribus

179 2699 366 2745 priuilegijs
409 2703 463 2733 aut
492 2698 787 2733 consuetudinibus
830 2699 1084 2745 quibuscunque
1113 2710 1173 2746 per
1201 2710 1265 2745 que
1295 2699 1347 2733 uel
1376 2711 1437 2746 per
1465 2710 1547 2744 quas
1578 2697 1765 2732 huiusmodi
1808 2699 1924 2743 gracia
1953 2697 2067 2731 valeat
