2341 3005
1055 150 1131 186 247

150 266 257 301 tulerit
299 278 361 301 seu
398 270 547 302 statuerit
589 270 622 302 in
661 266 804 310 rebelles
842 271 949 301 ratam
984 266 1181 301 habebimus
1210 271 1241 301 et
1276 266 1439 302 faciemus
1478 274 1616 304 auctore
1658 270 1803 306 Domino
1846 282 1952 318 usque
1994 272 2036 307 ad

150 329 412 364 satisfactionem
441 329 645 375 condignam
673 329 911 364 inviolabiliter
939 328 1126 364 observari.
1156 329 1279 364 Datum
1308 334 1341 364 ut
1370 342 1482 376 supra.

332 390 371 425 In
405 391 548 425 eundem
583 391 718 426 modum
751 390 946 426 Venerabili
973 391 1107 426 Fratri.
1127 421 1134 426 .
1163 391 1432 439 Archiepiscopo
1466 392 1665 439 Maguntino
1695 394 1847 430 Salutem
1881 401 1944 431 etc.
1980 396 2037 431 Ad

151 452 321 487 cumulum
362 457 417 487 tue
446 453 534 488 cedit
563 453 678 488 salutis
720 458 753 489 et
780 453 870 488 fame
898 456 926 488 si
954 465 1118 500 personas
1154 453 1405 488 ecclesiasticas
1446 459 1621 502 presertim
1658 455 1840 492 Pontificali
1875 459 2035 504 dignitate

150 513 298 561 preditas
328 514 441 549 divine
469 518 714 562 propitiationis
748 518 865 550 intuitu
898 518 1076 563 opportuni
1104 516 1240 563 presidii
1269 520 1300 551 et
1329 515 1459 551 favoris
1492 520 1601 562 gratia
1636 523 1863 565 prosequaris.
1901 520 2036 555 Dudum

149 576 314 622 siquidem
349 576 404 612 bo.
434 588 498 611 me.
536 575 692 612 Conrado
721 577 891 624 Episcopo
921 582 984 612 etc.
1028 589 1135 624 usque
1164 582 1197 612 et
1225 578 1452 625 temporaliter
1480 584 1718 625 consequetur.
1763 580 1844 616 Cum
1874 585 1975 627 igitur
2002 587 2037 617 ut

152 637 241 673 idem
269 638 406 673 Electus
434 641 468 673 in
496 641 677 674 commissa
707 638 769 674 sibi
796 642 901 686 ipsius
928 639 1084 674 Ecclesie
1126 651 1206 674 cura
1239 639 1370 675 facilius
1406 640 1572 687 proficere
1600 641 1713 676 valeat
1743 647 1817 677 tuus
1845 644 1945 679 favor
1973 644 2036 679 sibi

150 711 228 735 esse
255 704 417 735 noscatur
443 700 621 747 plurimum
657 705 898 748 opportunum,
933 700 1177 737 fraternitatem
1211 706 1301 737 tuam
1343 713 1506 749 rogamus
1535 707 1566 738 et
1608 703 1783 739 hortamur
1818 710 1941 741 attente
1975 718 2037 753 per

151 762 336 809 apostolica
371 761 430 797 11111
465 765 588 809 scripta
626 762 824 798 mandantes
862 766 1017 809 quatinus
1052 763 1195 799 eundem
1228 763 1381 799 Electum
1423 769 1455 799 et
1492 768 1707 800 commissam
1742 766 1805 802 sibi
1846 767 2036 803 Ecclesiam

149 823 340 859 huiusmodi
379 834 440 871 pro
475 828 591 858 nostra
626 828 658 859 61
691 825 875 872 apostolice
911 825 1001 860 sedis
1033 828 1227 860 reverentia
1261 829 1464 873 propensius
1493 827 1747 863 commendatos
1775 831 1809 863 in
1839 830 2035 876 ampliandis

149 890 183 921 et
218 885 465 921 conservandis
506 885 633 921 iuribus
671 889 753 931 suis,
789 890 839 922 sic
880 899 958 922 eum
991 890 1038 922 1111
1065 887 1194 923 favoris
1229 888 1377 935 presidio
1411 893 1641 936 prosequaris,
1673 890 1763 936 quod
1790 894 1862 938 ipse
1892 903 1952 938 per
1981 897 2035 926 tue

149 947 312 982 auxilium
339 951 448 994 gratie
477 945 514 983 se
542 951 649 995 possit
676 951 710 983 in
739 952 919 984 commisso
948 948 1012 984 sihi
1040 949 1191 984 eiusdem
1218 949 1373 985 Ecclesie
1402 953 1566 996 regimine
1595 952 1705 986 utilius
1735 964 1911 995 exercere.
1935 958 2035 999 tuque

149 1009 299 1044 divinam
326 1010 595 1045 misericordiam
624 1015 656 1045 et
685 1010 772 1046 dicte
801 1011 891 1046 sedis
919 1011 1182 1046 benivolentiam
1210 1012 1328 1047 valeas
1357 1012 1481 1048 exlude
1510 1012 1646 1048 uberius
1679 1019 1876 1061 promereri.
1911 1015 2035 1050 Datum

149 1075 183 1106 ut
211 1083 324 1119 supra.

330 1133 370 1168 In
398 1134 541 1169 eundem
570 1134 705 1169 modum
734 1134 916 1170 Carissimo
944 1138 978 1170 in
1008 1134 1138 1170 Christo
1166 1136 1233 1171 filio
1260 1136 1409 1171 Jolianni
1436 1137 1524 1183 Regi
1553 1137 1693 1173 Boemie
1728 1138 1850 1174 Illustri
1880 1140 2030 1175 Salutem

148 1200 212 1231 etc.
244 1195 358 1231 Gratie
394 1185 506 1230 dii'ine
537 1200 700 1243 premium
729 1201 760 1231 et
789 1200 984 1244 preconium
1013 1197 1158 1237 humane
1186 1198 1293 1233 laudis
1323 1201 1515 1245 acquiritur‚
1545 1203 1572 1234 si
1594 1212 1655 1247 per
1675 1201 1846 1235 seculares
1862 1201 2035 1249 Principes

147 1257 378 1293 Ecclesiarum
407 1258 543 1305 prelatis
572 1261 749 1306 presertim
778 1258 1008 1294 Ecclesiarum
1037 1258 1283 1295 Cathedralium
1311 1264 1466 1306 regimini
1496 1262 1741 1308 presidentibus
1770 1262 1878 1298 honor
1907 1263 2036 1299 debitus

147 1320 369 1367 impendatur.
398 1319 532 1354 Dudum
561 1323 588 1355 si
618 1320 750 1367 quidem
779 1320 833 1355 bo.
863 1333 928 1356 me.
960 1321 1115 1356 Conrado
1144 1322 1313 1369 Episcopo
1344 1322 1580 1358 Olomucensis
1609 1329 1673 1358 etc.
1704 1336 1809 1371 usque
1839 1330 1870 1360 et
1899 1330 2036 1373 tempo-

148 1382 263 1417 raliter
291 1387 528 1428 consequetur.
560 1382 643 1417 Cum
672 1386 782 1429 itaque
812 1383 855 1417 fili
886 1382 1068 1418 Carissime
1097 1387 1137 1418 sit
1171 1387 1301 1418 virtutis
1331 1395 1415 1431 opus
1444 1384 1507 1419 Dei
1535 1388 1706 1420 ministros
1735 1386 1883 1433 benigno
1914 1387 2034 1422 favore

148 1447 320 1491 prosequi,
360 1456 399 1478 ac
428 1455 489 1480 eos
517 1444 632 1479 verbis
661 1449 693 1479 et
735 1445 893 1492 operibus
936 1456 996 1492 pro
1033 1448 1126 1491 regis
1159 1449 1265 1480 eterni
1300 1446 1408 1492 gloria
1437 1451 1607 1491 venerari.
1645 1448 1870 1484 Serenitatem
1906 1453 2035 1496 regiam

147 1517 308 1552 rogamus
345 1510 379 1540 61
418 1505 592 1541 hortamur
628 1511 770 1551 31161116,
807 1510 961 1553 quatinus
1002 1507 1146 1542 eundem
1181 1508 1325 1542 electum
1366 1513 1398 1543 et
1434 1509 1599 1555 prefatam
1634 1510 1812 1545 ecclesiam
1853 1523 1913 1546 sue
1955 1523 2035 1546 cure

148 1571 363 1603 commissam
397 1567 526 1603 habens
555 1580 616 1616 per
645 1569 830 1615 apostolice
864 1569 954 1604 sedis
983 1574 1015 1604 et
1043 1575 1159 1604 nostra
1193 1573 1384 1605 reverentia
1420 1575 1619 1618 propensius
1655 1573 1907 1607 commendatos
1943 1576 2034 1620 ipsos

148 1629 286 1676 benIgui
315 1629 444 1664 favoris
478 1630 604 1664 auxilio
639 1633 856 1677 prosequaris
885 1634 929 1665 ita
965 1631 1053 1678 quod
1086 1631 1173 1666 idem
1202 1631 1337 1666 Electus
1371 1637 1426 1667 tue
1455 1633 1659 1668 celsitudinis
1693 1633 1793 1668 fultus
1823 1635 1964 1669 auxilio.
2002 1638 2034 1669 in

148 1695 329 1726 commisso
359 1691 421 1726 sibi
449 1703 530 1726 cure
558 1692 737 1739 pastoralis
765 1691 895 1737 0111610,
937 1696 1041 1740 possit
1070 1693 1144 1728 Deo
1172 1697 1315 1741 propitio
1350 1698 1557 1741 prosperari.
1601 1707 1641 1730 36
1670 1695 1726 1730 tibi
1761 1696 1884 1731 exinde
1913 1709 1931 1731 a
1960 1697 2035 1732 Deo

148 1757 340 1802 perempnis
368 1756 437 1789 site
466 1757 630 1801 premium
658 1759 691 1789 et
719 1766 737 1788 a
767 1754 865 1789 nobis
894 1755 1063 1801 condigna
1091 1759 1267 1803 proveniat
1297 1759 1385 1791 actio
1414 1760 1609 1802 gratiarum.
1639 1757 1760 1792 Datum
1791 1763 1825 1793 ut
1854 1770 1967 1806 supra.

468 1843 522 1874 (Ex
553 1844 724 1879 autographo
756 1844 875 1878 Regesto
905 1844 1047 1875 Johaunis,
1071 1853 1147 1880 papae
1177 1845 1259 1872 XXII.
1291 1845 1352 1872 anui
1381 1845 1426 1874 XI.
1451 1849 1519 1881 part.
1550 1846 1570 1874 I.
1595 1855 1658 1882 pag.
1692 1846 1761 1875 113.
1795 1848 1874 1884 epist.
1907 1846 1978 1876 267.
2009 1849 2035 1876 in

570 1896 719 1924 Tabulariis
745 1897 884 1924 Vaticanis
909 1897 1027 1933 copiaxit
1052 1898 1096 1925 Dr.
1122 1898 1151 1925 Β.
1176 1898 1288 1931 Dudik.)

989 2010 1197 2046 CCCXVIII.

151 2081 342 2126 ⁴Iohannes⁷
369 2094 465 2128 papa
494 2082 617 2118 XXII.
647 2083 805 2128 notificat
826 2082 991 2127 Joleanui.
1021 2085 1099 2129 reyi
1117 2083 1305 2129 Bohemz'a’,
1335 2085 1425 2130 qnod
1445 2085 1645 2123 Hinc-ouem.
1671 2088 1894 2132 proepositum
1925 2087 2031 2132 Pruy.

240 2145 275 2178 in
303 2146 497 2190 episcopum
527 2145 685 2179 ecclesiae
716 2144 950 2179 Ulmum-ensis
976 2146 1074 2190 fecit.
1104 2145 1165 2179 Dt.
1204 2146 1378 2180 Arc‘m'one
1414 2146 1488 2182 VII.
1519 2147 1601 2182 Idus
1633 2148 1797 2183 Octobris
1827 2148 1938 2184 1326.

322 2221 519 2277 'lohannes
546 2242 735 2290 Episcopus
759 2242 889 2277 Servus
919 2242 1103 2277 Servorum
1127 2242 1191 2277 Dei
1221 2243 1340 2278 dilecto
1369 2243 1435 2279 filio
1457 2244 1602 2279 Johanni
1631 2245 1720 2292 Regi
1750 2246 1888 2280 Boemie
1918 2246 2033 2280 illustri

148 2302 298 2338 Salutem
326 2308 359 2338 et
385 2304 619 2351 Apostohcaui
647 2305 934 2339 Benedictionem.
992 2304 1133 2350 Regiam
1164 2305 1400 2340 excellentiam
1429 2306 1583 2341 volumus
1612 2319 1679 2342 nou
1707 2308 1823 2350 latere,
1854 2308 1942 2353 quod
1971 2319 2032 2342 nos

148 2364 275 2413 pridem
304 2364 345 2400 de
373 2376 519 2412 persona
548 2366 658 2401 dilecti
687 2366 743 2401 tilii
772 2366 956 2401 Hinchonis
978 2366 1082 2401 Electi
1115 2367 1360 2412 olomucensis,
1391 2373 1468 2403 tuuc
1496 2372 1655 2416 prepositi
1684 2370 1829 2404 ecclesie
1850 2369 2033 2414 Pragensis

148 2425 248 2462 nobis
277 2438 295 2461 a
324 2430 505 2462 serenitate
532 2427 643 2473 Regia
673 2428 713 2464 de
741 2428 914 2476 probitatis
943 2433 975 2464 et
1004 2429 1142 2463 aliarum
1171 2432 1331 2464 virtutum
1359 2434 1484 2465 meritis
1517 2431 1759 2466 commendati.
1799 2430 2033 2466 Olomucensis

148 2489 294 2524 ecclesie
310 2493 387 2524 tuuc
407 2492 544 2524 vacanti
567 2489 721 2525 duximus
736 2491 991 2538 providendum.
1021 2490 1143 2525 Datum
1165 2491 1339 2526 Avinione
1355 2491 1427 2527 Vn.
1452 2492 1530 2528 Idus
1547 2493 1701 2528 Octobris
1717 2493 1818 2527 Auno
1843 2493 2030 2528 undecimo.

465 2578 519 2609 (Ex
555 2580 728 2615 autographo
759 2581 878 2615 Begcsto
903 2580 1045 2614 Johannis,
1076 2589 1152 2616 papae
1176 2580 1257 2608 XXII.
1290 2581 1351 2608 anni
1383 2582 1428 2609 XI.
1461 2585 1526 2609 tom.
1562 2582 1606 2609 VI.
1632 2581 1712 2617 epist.
1746 2581 1817 2610 832.
1847 2591 1909 2618 pagr.
1941 2581 1979 2610 47
2007 2583 2030 2609 iu

566 2631 716 2660 Tabulariis
741 2633 880 2661 Vaticanis
905 2633 1023 2669 copiaxit
1048 2633 1092 2661 Dr.
1119 2633 1146 2661 B.
1173 2631 1286 2668 Dudik.)
