2341 3005
1086 134 1155 169 163

172 255 365 290 Decanatus
394 254 435 288 de
464 252 590 288 Schelk
619 264 657 287 ac
686 252 869 287 Rectorum
899 251 1119 285 ecclesiarum
1148 253 1180 285 in
1210 254 1282 298 ipso
1306 251 1482 286 Decanatn
1512 257 1768 288 consistentium
1789 254 1949 289 Albensis
1973 254 2063 289 Dio-

173 321 261 352 cesis
296 316 392 351 nobis
429 314 668 362 conquerendo
704 315 905 348 monstravit
942 313 1030 359 quod
1066 312 1273 348 venerabilis
1317 314 1422 348 frater
1461 319 1577 349 noster
1608 316 1766 350 Andreas
1802 316 1992 363 Episcopus
2032 322 2063 351 et

172 378 346 413 Johannes
375 377 647 412 Archidiaconus
676 375 860 418 Albenses,
894 386 954 409 eos
990 377 1023 409 in
1057 378 1211 422 personis
1246 380 1279 410 et
1313 375 1425 414 rebusq
1457 388 1497 411 ac
1526 377 1652 411 iuribus
1681 378 1898 413 ecclesiarum
1929 390 2062 413 suarum
2087 424 2089 426 Ι

173 440 396 487 multipliciter
424 442 627 485 aggravant,
658 440 847 484 opprinnmt
877 441 907 471 et
937 437 1113 472 molestant
1142 438 1321 472 nonnullos
1350 449 1465 472 001331
1497 438 1623 485 absque
1652 451 1754 474 causa
1780 440 1970 475 rationabili
1999 453 2064 476 ca—

172 502 307 550 piendo.
339 502 503 548 quosdam
532 500 693 546 fugandO.
724 504 755 534 et
785 499 868 534 alios
891 503 959 533 suis
985 499 1150 535 ecclesiis,
1177 502 1249 534 sine
1271 503 1361 534 omni
1384 512 1487 534 cause
1509 504 1705 546 cognitione
1727 502 1902 548 privando.
1929 506 2063 549 suisque

173 564 269 599 bonis
299 569 366 598 tam
396 566 428 597 in
458 567 564 597 morte
593 573 691 608 quam
722 565 754 595 111
790 564 860 596 vita
889 562 1032 596 totaliter
1065 562 1252 608 spoliando.
1288 562 1373 596 adeo
1408 562 1495 609 quod
1531 563 1680 597 nonnulli
1719 575 1835 598 eorum
1870 565 2063 599 mendicare

172 631 339 672 coguntur
368 628 401 660 in
430 625 556 659 ordinis
584 623 826 671 presbyteralis
856 623 1071 670 opprobrium
1102 629 1133 658 et
1163 624 1358 659 scandalum
1387 624 1602 671 plurimorum
1625 624 1741 660 Preter
1770 624 1831 660 hcc
1859 637 1985 671 graves
2013 629 2063 662 eis

172 691 354 723 servitutes
394 690 583 734 imponunt.
625 690 659 720 et
701 685 765 719 3113
801 685 1033 720 intollerabilia
1071 697 1175 720 onera
1214 691 1331 721 contra
1376 687 1643 721 ecclesiasticam
1686 686 1891 722 libertatem.
1925 688 2063 735 prefatis

172 750 342 797 Episcopo
379 749 590 783 medietatem
627 752 659 782 et
693 747 947 782 Arcliidiacono
986 751 1116 782 tertiam
1150 748 1374 793 decimarum,
1412 760 1475 795 que
1511 749 1552 783 de
1588 752 1723 795 antiqua
1752 750 1994 785 consuetudine
2029 754 2061 785 in

172 812 235 846 illis
262 810 412 858 partibus
442 810 622 845 observata
648 809 689 843 ad
718 809 867 856 prefatos
885 809 1051 844 Rectores
1073 813 1242 856 pertinere
1265 810 1430 854 dicuntur,
1462 811 1523 846 sibi
1548 823 1609 858 per
1630 811 1834 846 violenciam
1856 812 2060 858 usurpando.

171 874 301 909 Rursus
337 884 413 907 cum
448 883 509 907 eos
544 875 681 906 visitant
717 875 751 906 in
788 871 1009 918 Septuaginta
1045 872 1278 907 evectionibus
1314 872 1513 919 Episcopus.
1549 878 1581 908 et
1610 873 1763 919 Triginta
1792 873 2064 909 Archidiaconus

172 939 265 983 ipsos
302 939 449 981 gravant
483 934 524 969 ab
561 937 610 969 eis
650 936 828 981 pecuniam
862 934 1033 979 exigendo
1069 946 1270 981 quamquam
1304 935 1525 969 ecclesiarum
1562 938 1710 982 ipsarum
1745 946 1809 981 (1110
1844 936 1951 970 adbuc
1989 942 2062 970 sunt

172 997 307 1033 novella
342 996 502 1044 plantatio
531 1008 634 1044 super
672 996 734 1030 hiis
770 1007 837 1030 non
876 1001 1052 1042 suppetant
1090 996 1265 1031 facultates
1299 997 1340 1031 ab
1380 1001 1429 1031 eis
1463 1001 1563 1032 etiam
1597 1009 1658 1045 pro
1694 1001 1764 1032 suis
1799 999 2062 1033 institutionilms

171 1062 350 1108 pecuniam
378 1061 519 1105 exigunt
548 1063 580 1093 et
609 1063 811 1104 extorquent
846 1070 907 1105 per
936 1061 1168 1105 symoniacam
1203 1063 1403 1106 pravitatem
1435 1064 1467 1094 et
1503 1060 1586 1094 31135
1625 1071 1685 1094 005
1721 1060 1807 1095 adeo
1842 1061 2065 1107 multipliciter

172 1125 362 1169 opprimunt
391 1125 422 1156 et
452 1120 605 1166 affligunt
634 1120 722 1167 quod
751 1124 810 1155 vix
840 1131 957 1155 eorum
986 1120 1106 1166 aliquis
1135 1124 1166 1155 in
1197 1121 1352 1155 ecclesiis
1382 1122 1468 1156 dicte
1498 1122 1644 1156 diocesis
1663 1127 1850 1159 remanent.
1880 1126 1943 1157 nisi
1973 1126 2064 1170 ipsos

171 1187 222 1219 sui
250 1183 448 1231 parochiani
476 1183 566 1230 layci
595 1187 777 1217 tuerentur.
810 1182 850 1217 Et
879 1185 906 1216 si
936 1183 1070 1228 quando
1094 1194 1111 1217 a
1141 1183 1397 1228 gravaminibus
1428 1195 1488 1230 per
1516 1184 1721 1231 Episcopum
1750 1185 1805 1219 vel
1834 1184 2066 1219 Arcbidiaco-

171 1257 249 1281 num
275 1245 459 1293 predictos
504 1245 612 1287 1113115,
661 1257 680 1279 3
728 1245 823 1280 dictis
862 1245 1002 1279 Decano
1046 1256 1107 1279 seu
1149 1245 1350 1280 Rectoribus
1396 1246 1437 1280 ad
1482 1246 1596 1280 sedem
1640 1247 1859 1293 apostolicam
1904 1247 2063 1294 appellari

171 1311 356 1354 contingat,
387 1307 594 1355 appellantes
624 1307 761 1342 eosdem
791 1312 1095 1353 quantumcumque
1116 1307 1265 1353 legitime
1295 1307 1373 1342 diris
1398 1308 1593 1343 carceribus
1617 1312 1821 1355 mancipant.
1844 1312 2064 1344 instrumenta

173 1370 434 1417 appellationum
464 1381 601 1404 suarum
629 1370 797 1404 violenter
826 1369 981 1403 auferunt
1010 1369 1051 1403 ab
1081 1370 1209 1403 eisdem
1239 1369 1425 1404 huiusmodi
1456 1382 1573 1405 eorum
1602 1371 1898 1417 appellationibus,
1929 1375 2003 1406 sive
2033 1375 2063 1406 in

171 1435 284 1467 causis
314 1431 542 1466 criminalibus
572 1435 645 1466 sive
675 1431 831 1480 civil-ibus
861 1434 1042 1466 interiectis
1071 1434 1207 1466 minime
1237 1432 1462 1467 defendendo.
1492 1433 1656 1467 Adiciens
1680 1433 1766 1467 idem
1789 1433 1954 1468 Plebanus
1976 1434 2062 1479 quod

173 1498 245 1541 ipse
284 1505 358 1528 cum
393 1498 482 1528 metu
517 1498 550 1528 et
583 1498 713 1528 terrore
748 1505 809 1540 pro
845 1505 881 1528 se
916 1498 946 1527 01
984 1494 1056 1528 31115
1085 1497 1327 1540 prenominatis
1363 1495 1555 1541 appellans.
1594 1507 1669 1530 cum
1705 1507 1765 1542 per
1796 1495 2001 1542 Episcopum
2032 1501 2062 1530 et

171 1555 460 1590 Archidiaconum
494 1555 663 1602 predictos
702 1555 742 1590 ad
778 1556 1026 1602 impediendum
1066 1558 1126 1589 iter
1161 1559 1233 1590 eius
1272 1556 1312 1590 ad
1353 1557 1467 1591 sedem
1508 1557 1691 1603 predictam
1727 1561 1759 1591 in
1796 1558 1940 1592 diversis
1982 1557 2065 1592 locis

170 1617 315 1653 fuissent
343 1617 463 1653 insidie
492 1622 682 1664 preparate.
712 1622 806 1652 recto
835 1622 966 1652 tramite
995 1618 1174 1652 declinato.
1213 1630 1251 1652 ac
1287 1618 1525 1653 transformato
1561 1619 1684 1653 babitu.
1722 1631 1765 1653 ne
1799 1619 1840 1653 ab
1877 1619 2063 1653 huiusmodi

171 1679 422 1715 insidiatoribus
451 1683 607 1724 cognitus
637 1679 829 1714 haberetur.
860 1679 901 1714 ad
931 1680 1053 1714 dictam
1083 1679 1199 1714 sedem
1228 1692 1288 1727 per
1316 1685 1424 1715 terras
1447 1681 1630 1715 infidelium
1652 1681 1711 1715 11111
1739 1680 1921 1728 profectus.
1949 1681 2064 1723 Quare

171 1741 324 1789 prefatus
353 1741 520 1776 Plebanus
549 1744 686 1776 nomine
715 1753 776 1776 suo
813 1746 845 1776 et
879 1742 1020 1776 aliorum
1055 1744 1365 1788 prenominatorum
1401 1754 1541 1788 quorum
1577 1748 1777 1789 procurator
1809 1746 1933 1778 existit.
1966 1743 2064 1777 nobis

172 1804 339 1839 humiliter
368 1803 567 1850 supplicavit
602 1809 635 1838 ut
670 1803 851 1850 providere
884 1806 965 1850 ipsis
1000 1815 1101 1850 super
1138 1806 1311 1850 premissis
1347 1804 1387 1838 de
1423 1810 1612 1851 opportuno
1648 1805 1797 1839 remedio
1834 1805 2062 1851 dignaremur.

171 1866 242 1901 Nos
270 1869 372 1912 igitur
400 1866 610 1900 attendentes
640 1866 726 1912 quod
757 1869 783 1900 si
814 1869 978 1912 premissa
1007 1869 1150 1899 veritate
1178 1869 1336 1900 nitantur.
1367 1866 1477 1900 limam
1505 1867 1626 1901 celeris
1655 1871 1685 1901 et
1711 1872 1900 1914 opportune
1922 1878 2065 1902 correc-

173 1931 272 1963 tionis
301 1932 502 1975 exposcunt.
533 1939 608 1962 cum
638 1928 714 1962 talia
743 1939 810 1962 non
841 1931 881 1962 sit
910 1927 1045 1962 dubium
1082 1931 1111 1962 in
1143 1928 1305 1962 dictorum
1342 1928 1501 1975 Episcopi
1536 1933 1570 1963 et
1603 1929 1845 1963 Archidiaconi
1882 1929 1997 1964 salutis
2034 1934 2064 1964 et

172 1990 261 2025 fame
290 1990 499 2037 dispendium
529 2001 676 2035 vergere
705 1994 737 2024 et
774 1993 806 2024 in
836 1990 1012 2024 multarum
1041 1993 1226 2024 animarum
1255 1993 1440 2037 perinciem
1476 1990 1665 2025 redundare
1699 1991 1897 2025 fraternitati
1927 1996 1992 2025 tue.
2024 1991 2064 2025 de.

172 2063 236 2098 qua
265 2052 399 2099 plenam
428 2055 461 2086 in
490 2051 635 2086 Domino
665 2052 819 2086 fiduciam
848 2055 998 2097 gerimus
1027 2055 1059 2086 in
1089 2055 1211 2086 virtute
1240 2051 1430 2087 obedientie
1460 2053 1607 2087 districte
1640 2053 1858 2100 precipiendo
1889 2064 2063 2087 monemus

173 2117 327 2160 quatinus
356 2114 398 2149 (10
425 2117 598 2161 premissis
628 2114 781 2148 omnibus
811 2119 841 2148 et
872 2114 1013 2159 siugulis
1042 2117 1191 2160 inquiras
1223 2114 1415 2159 diligentius
1445 2118 1633 2158 veritatem,
1664 2120 1694 2149 et
1724 2126 1934 2161 quecumque
1963 2126 2065 2161 super

172 2176 235 2210 11115
263 2178 436 2211 inveneris
465 2176 608 2211 fideliter
636 2179 668 2210 in
698 2179 831 2223 scriptis
860 2176 995 2210 redacta
1024 2176 1122 2210 nobis
1151 2176 1212 2210 sub
1231 2176 1341 2217 sigillo
1364 2180 1418 2210 tuo
1444 2176 1614 2211 destinare
1643 2188 1816 2223 procures.
1848 2177 1887 2211 Et
1916 2180 1943 2210 si
1973 2176 2060 2210 forte

173 2249 233 2284 per
260 2240 509 2284 inquisitionem
538 2238 726 2273 huiusmodi
756 2241 920 2285 premissa
951 2241 1118 2284 repereris
1149 2241 1191 2272 ita
1222 2250 1318 2274 csse.
1358 2238 1506 2285 prefatos
1535 2238 1740 2286 Episcopum
1770 2243 1802 2273 et
1831 2238 2063 2273 Archidiaco-

172 2311 249 2334 num
288 2310 333 2334 ex
370 2304 464 2346 parte
500 2305 615 2335 nostra
651 2303 877 2347 peremptorie
910 2303 1015 2334 citare
1057 2311 1219 2346 procures
1260 2304 1293 2334 nt
1335 2300 1420 2334 infra
1463 2304 1562 2335 trium
1605 2303 1769 2335 mensium
1808 2303 1950 2346 spatium
1987 2304 2062 2346 post

172 2364 365 2396 citationem
394 2360 581 2396 huiusmodi
610 2363 760 2408 legitime
794 2366 1013 2408 compareant
1049 2365 1081 2396 in
1112 2361 1265 2396 Romana
1301 2362 1399 2396 Curia
1430 2374 1544 2397 coram
1578 2362 1676 2397 nobis
1710 2363 1828 2396 facturi
1864 2373 1966 2408 super
2000 2361 2061 2395 biis

172 2427 204 2458 et
236 2426 404 2470 recepturi
440 2423 527 2468 quod
563 2426 683 2458 13511113
722 2424 886 2459 suadebit.
942 2423 1041 2457 Diem
1070 2435 1153 2457 vero
1184 2423 1370 2458 huiusmodi
1407 2427 1576 2459 citationis
1607 2429 1640 2459 et
1669 2424 1810 2458 formam
1841 2428 1874 2457 et
1905 2423 2060 2468 quicquid

172 2485 352 2532 superbiis
368 2485 505 2519 duxeris
522 2484 712 2520 faciendum
727 2486 824 2521 nobis
841 2498 901 2533 per
916 2491 988 2520 tuas
1004 2486 1118 2520 literas
1134 2484 1250 2520 barum
1266 2488 1389 2520 seriem
1412 2489 1623 2521 continentes
1644 2486 1698 2520 vel
1719 2497 1780 2532 per
1801 2488 2058 2519 instrumentum

172 2546 338 2594 publicum
361 2547 498 2582 studeas
519 2547 659 2582 fideliter
680 2551 844 2582 intimare.
875 2548 996 2582 Datum
1018 2547 1192 2582 Avinione
1213 2547 1256 2582 X.
1279 2547 1354 2583 Kal.
1375 2548 1527 2583 ¹Ianuarii
1550 2549 1652 2582 Anno
1678 2548 1841 2594 Septimo.

488 2628 541 2657 (Ex
568 2629 741 2663 autographo
771 2629 892 2658 Res-resto
925 2628 1058 2655 ,10113111ιί5
1089 2637 1165 2663 papae
1191 2628 1271 2656 ΧΧΙΙ.
1297 2628 1358 2656 anni
1383 2629 1440 2657 Vn.
1473 2633 1541 2664 part.
1575 2629 1593 2656 1.
1626 2636 1689 2663 pag.
1724 2626 1792 2655 133.
1827 2627 1908 2662 epistt
1937 2626 2007 2655 341.
2035 2627 2061 2654 in

592 2681 740 2708 Tabulariis
767 2682 906 2709 Vaticanis
931 2681 1051 2717 0111113111Ἰ
1076 2682 1119 2709 Dr.
1145 2682 1172 2708 B.
1200 2681 1313 2715 Dudik.)

1792 2731 1853 2761 21*
