2341 3005
1066 153 1140 189 329

162 272 320 317 districte,
350 283 393 307 ne
420 284 482 319 per
510 272 639 318 aliquos
667 271 874 317 Religios0s‚
917 281 1128 317 quocumque
1157 272 1292 304 nomine
1321 274 1535 314 censeantur3
1571 270 1671 314 bona,
1702 281 1767 316 que
1796 273 1974 316 antiquitus
2003 270 2044 304 ad

162 334 284 369 dictam
311 339 461 369 nostram
492 334 669 369 Ciuitatem
697 326 868 380 pertinere
897 332 1127 376 dinoscuntur,
1157 336 1312 366 emantur
1339 331 1395 366 vel
1415 337 1643 378 conparentur
1670 331 1918 378 quoquomodo,
1947 343 2045 378 quam

161 399 384 443 empcionem,
428 399 455 430 si
491 401 608 430 contra
650 399 841 442 presentem
883 399 1035 429 nostram
1077 393 1315 428 inhibicionem
1352 397 1543 439 attemptata
1573 392 1682 428 suerit.
1721 394 1876 428 volumus
1913 396 2046 440 penitus

159 469 229 492 non
256 457 385 492 valere.
415 457 543 492 Harum
572 460 762 492 testimonio
790 457 972 491 literarum.
1003 456 1128 491 Datum
1155 455 1267 502 Prage
1296 454 1387 490 [1110.
1418 454 1496 489 Idus
1526 455 1746 502 Septembris.
1789 455 1892 490 Anno
1921 455 2045 490 domini

159 517 352 564 MillesimQ
384 519 649 563 Trecentesimo,
680 518 867 553 Tricesimo
895 518 1018 553 Primo.

475 598 565 634 (Orig.
590 599 736 626 membran.
761 607 820 625 cum
843 598 936 634 sigillo
960 598 1093 626 bilaterali
1119 607 1152 625 ex
1177 601 1253 633 parte
1278 598 1344 625 laeso
1368 597 1394 625 in
1412 597 1523 624 archivo
1545 597 1666 632 ejusdem
1685 597 1814 631 civitatis,
1839 598 1866 624 B.
1892 597 1923 625 ΙΙ.
1949 606 1975 624 11.
2003 596 2045 631 1.)

1016 713 1188 748 CDXXX.

161 784 353 829 Jokannes,
382 796 450 819 rece
468 783 657 827 Bokemioe,
688 785 729 819 de
759 784 1070 819 contributiom'hus
1098 789 1133 820 et
1161 785 1323 820 oneribus
1344 786 1465 819 civium
1493 784 1764 819 Olometeensz'mn
1795 783 1910 826 edicit,
1941 787 2046 829 alque

159 847 287 882 eisdem
324 847 493 891 concedit,
536 850 574 881 ut
606 847 647 881 cle
681 846 778 881 bonis
807 859 828 881 a
858 847 1034 892 rele'qiosis
1067 849 1200 893 emptis,
1235 849 1328 893 ipsis'
1361 847 1500 881 clericis
1545 846 1653 880 solam
1689 857 1826 880 censum
1855 847 2041 890 assz'gyueut.

565 908 627 943 Dt.
658 910 692 942 in
721 909 846 943 [saluis
875 908 1055 953 montibus,
1085 909 1186 944 XVI.
1218 909 1300 943 Kal.
1335 908 1495 943 Octobris
1526 907 1637 942 1331.

333 986 425 1040 Nos
467 1005 642 1040 Johannes
679 1005 732 1040 dei
773 1009 882 1051 gratia
912 1006 1051 1041 Boemie
1081 1011 1113 1041 et
1140 1007 1280 1042 Polonie
1308 1007 1385 1041 Rex
1414 1019 1453 1041 ac
1482 1006 1789 1051 Lucemburgensis
1827 1004 1961 1048 Comes,
1992 1004 2044 1038 Ad

158 1070 395 1103 vniuersorum
422 1071 583 1102 noticiam
612 1068 768 1102 volumus
798 1072 914 1103 tenore
943 1072 1156 1115 presencium
1186 1069 1357 1103 deuenire.
1396 1068 1494 1110 Quod
1532 1080 1594 1103 uos
1622 1068 1778 1102 volentes
1811 1067 2045 1101 condicionem

159 1132 303 1165 ciuitatis
337 1134 453 1165 nostre
490 1128 599 1164 Oloin.
635 1129 751 1164 facere
787 1130 972 1174 meliorem,
1016 1133 1190 1165 statuimus
1232 1131 1455 1176 volentesque
1497 1130 1538 1164 <le
1566 1129 1760 1165 Molendino
1793 1132 1899 1163 sancti
1927 1128 2044 1163 Jacobi

159 1191 247 1238 apud
281 1202 396 1226 muros
431 1194 535 1238 ipsius
578 1194 722 1226 ciuitatis
761 1195 871 1231 sitium
915 1192 1000 1239 (sie)
1041 1197 1073 1227 et
1103 1192 1144 1227 de
1174 1192 1329 1227 omnibus
1358 1193 1431 1227 aliis
1460 1192 1568 1228 bonis.
1604 1191 1842 1226 hereditatibus
1872 1203 1932 1225 seu
1961 1202 2047 1237 pos-

159 1252 389 1298 sessionibus,
433 1253 474 1288 de
517 1253 638 1299 quibus
684 1265 903 1301 possessores
946 1265 1062 1289 eorum
1106 1266 1181 1289 eum
1228 1258 1364 1289 ciuitate
1407 1258 1477 1301 ipsa
1521 1254 1562 1288 ab
1608 1257 1742 1300 antiquo
1782 1253 2046 1287 contribuerunt.

160 1326 201 1350 ae
230 1320 485 1350 consueuerunt
513 1315 729 1350 contribuere
758 1319 791 1350 111
821 1320 920 1350 antea
950 1319 1120 1363 perpetuis
1150 1316 1354 1364 temporibus
1383 1328 1457 1351 cum
1489 1320 1560 1363 ipsa
1590 1319 1724 1350 ciuitate
1753 1320 1784 1350 et
1813 1319 1885 1349 eius
1919 1314 2048 1349 ciuibus

163 1376 388 1421 contribuant„
431 1382 464 1412 et
499 1389 605 1412 onera
638 1377 873 1412 incumbencia
916 1378 1062 1424 quelibet
1090 1381 1267 1425 patiantur.
1304 1379 1524 1413 Addieientes
1561 1378 1601 1413 de
1629 1381 1746 1424 gracia
1776 1378 1925 1424 speciali.¹
1957 1377 2043 1422 quod

160 1441 224 1485 ipsi
261 1442 355 1474 ciues
392 1438 433 1474 de
468 1439 623 1475 omnibus
652 1439 761 1483 11111115,
800 1451 818 1474 a
847 1440 1018 1485 religiosis
1047 1445 1103 1474 aut
1145 1440 1289 1485 clericis,
1333 1441 1597 1487 quilmscmnque
1638 1440 1846 1475 condicionis
1889 1441 2045 1473 existant.

163 1503 284 1547 emptis
325 1500 379 1535 uel
407 1501 571 1545 emendis,
616 1489 749 1537 nullam*
769 1501 919 1536 bernam.
963 1502 1135 1538 collectas.
1177 1502 1463 1547 c01urihuciones‚
1506 1506 1665 1537 vecturas
1694 1506 1725 1536 et
1768 1502 1928 1536 daciones
1957 1512 2045 1547 qua-

162 1562 358 1608 lescumque
400 1572 611 1609 quocumque
656 1567 793 1598 nomine
835 1568 1054 1607 censeantur,
1098 1564 1178 1598 dare
1221 1569 1252 1599 et
1294 1564 1408 1599 faeere
1451 1563 1605 1599 debeant.
1649 1563 1708 1598 sed
1750 1563 1856 1597 solum
1896 1573 2045 1597 censum.

160 1629 192 1658 et
233 1634 301 1658 non
331 1625 483 1671 amplius.
527 1625 696 1669 religiosis
739 1625 792 1659 uel
822 1625 965 1660 clericis.
997 1625 1115 1671 quibus
1145 1625 1286 1660 debetur
1313 1630 1487 1671 assignent
1521 1626 1690 1660 decoloro.
1720 1636 1837 1659 verum
1881 1624 1922 1658 de
1951 1623 2048 1658 honis

159 1689 254 1733 ipsis,
285 1697 360 1720 cum
389 1686 538 1733 predicte
568 1689 712 1721 ciuitatis
747 1686 887 1721 ciuibus.
918 1687 1189 1722 contribuciones
1226 1693 1257 1723 et
1286 1699 1402 1723 onera.
1446 1688 1603 1734 expleant
1632 1690 1754 1733 iugiter
1781 1691 1815 1721 et
1841 1685 2046 1733 persoluant.

159 1747 198 1783 In
226 1751 321 1783 cuius
351 1751 399 1783 rei
434 1751 660 1783 testiinonium
699 1753 876 1795 presentes
912 1749 1024 1784 literas
1054 1749 1143 1785 lieri.
1173 1754 1205 1784 et
1235 1750 1344 1795 sigillo
1374 1754 1489 1784 nostro
1519 1750 1659 1783 fecimus
1688 1751 1897 1784 communiri.
1928 1748 2048 1782 Datum

160 1812 195 1844 in
228 1809 391 1854 Chuttnis,
421 1810 524 1844 Anno
562 1809 685 1844 domini
721 1810 898 1845 Millesimo
934 1811 1188 1846 Trecentesimo
1218 1811 1404 1846 Tricesiino
1434 1811 1555 1849 Priinm
1586 1811 1677 1845 xx'l.
1708 1811 1781 1845 Kal.
1813 1809 1981 1845 Octobris.

469 1899 523 1928 (Ex
549 1899 623 1933 orig.
650 1908 707 1926 cum
732 1899 827 1934 sigillo
853 1899 986 1927 bilaterali
1012 1904 1177 1927 conservato
1201 1901 1226 1927 in
1252 1900 1362 1928 archivo
1389 1901 1509 1935 ejusdem
1541 1901 1659 1928 eixitatis
1685 1901 1828 1937 descripsit
1855 1902 1887 1928 A.
1913 1901 2046 1928 Boczeksu

1011 2014 1198 2049 CDXXXI.

159 2085 350 2129 Jokannes,
376 2074 448 2120 'rex
477 2085 662 2120 Rolzemioe.
694 2089 800 2128 Telau
831 2098 873 2119 ne
902 2085 1082 2131 bnrqrarii
1108 2087 1140 2120 in
1171 2086 1402 2133 Lieltleubmy
1432 2088 1593 2132 infestent
1628 2087 1816 2134 prirHegyia
1845 2088 2050 2121 nemias-terii

463 2147 640 2181 Sarense's.
679 2147 739 2182 Dl.
773 2148 920 2193 Grmlym
947 2149 1015 2192 fer.
1046 2148 1113 2182 III.
1143 2153 1225 2182 ante
1254 2148 1292 2183 S.
1324 2148 1460 2183 Malleei
1487 2153 1600 2195 apost.
1633 2149 1744 2184 1331.

334 2224 531 2280 Johannes
573 2245 626 2280 dei
668 2248 783 2289 gracia
827 2245 967 2280 Boemie
1011 2250 1043 2280 ct
1075 2245 1213 2280 Polouio
1250 2246 1327 2281 Rex
1369 2257 1408 2281 ac
1452 2246 1749 2293 Lucenburgensis
1791 2248 1924 2289 Comes,
1961 2246 2046 2281 fideli

160 2318 222 2342 suo
254 2306 374 2342 dilecto
410 2306 584 2353 Stephano
614 2307 720 2341 Terre
754 2306 891 2341 Notario
921 2318 980 2354 pro
1014 2307 1077 2342 bae
1105 2310 1182 2342 vice
1216 2308 1396 2343 Purcrauio
1434 2312 1464 2343 in
1495 2308 1783 2352 Leuclitenlmrcln
1822 2320 1881 2342 seu
1918 2308 1959 2342 illi
1991 2311 2045 2353 qui

159 2380 220 2415 pro
249 2373 400 2415 tempore
429 2368 550 2403 ibidem
580 2368 678 2403 fuerit
710 2369 913 2403 Purcravius
942 2372 1094 2413 graciam
1123 2381 1216 2404 suain
1247 2375 1277 2404 et
1307 2382 1406 2405 11111110
1437 2370 1570 2405 bonum.
1608 2370 1759 2404 Vidinms
1793 2370 1904 2404 literas
1934 2370 2046 2403 deuo-

161 2434 269 2464 torum
297 2429 394 2464 nobis
412 2458 418 2463 .
438 2458 445 2464 .
476 2429 605 2464 abbatis
640 2435 671 2464 et
701 2430 895 2465 Conucntus
924 2430 1118 2465 Monasterii
1156 2432 1255 2466 {ontis
1285 2432 1409 2467 Sancte
1441 2432 1548 2467 Mario
1578 2436 1608 2467 iu
1640 2432 1715 2466 sar.
1753 2436 1783 2465 et
1813 2435 2047 2478 perspeximus

161 2490 234 2525 illas
262 2495 295 2526 et
315 2494 494 2525 vniuersas
523 2494 657 2537 gracias
678 2493 787 2527 eidem
816 2492 1025 2527 Monasterio
1045 2504 1106 2539 per
1133 2493 1300 2539 quondam
1324 2496 1378 2540 pie
1406 2494 1656 2528 recordacionis
1680 2493 1816 2527 Nobiles
1846 2493 1886 2527 110
1909 2492 2047 2527 Leucb-

160 2552 323 2587 tenliurcli
365 2552 471 2587 saetas
499 2558 531 2587 et
560 2557 628 2588 suis
670 2554 785 2589 litteris
815 2554 1009 2591 roboratas.
1053 2555 1343 2589 considerauinms
1373 2555 1567 2601 diligenter.
1611 2559 1699 2589 circu
1730 2567 1813 2601 (pias
1855 2560 1884 2589 et
1924 2567 1985 2589 nos
2017 2559 2045 2588 111

160 2614 344 2649 remedium
375 2618 485 2649 anime
515 2620 640 2659 nostre‚
679 2628 753 2650 cum
784 2617 814 2650 id
844 2620 931 2663 pium
960 2616 1061 2650 suerit
1088 2621 1120 2650 et
1149 2616 1301 2651 dciticum
1332 2618 1597 2652 irreuocabiliter
1629 2621 1707 2663 aput
1746 2619 1899 2661 vis-rorem
1929 2628 2043 2651 earum

160 2676 317 2711 volumus
359 2688 570 2723 permanere.
615 2676 820 2724 Precipimus
862 2683 893 2713 et
929 2678 1125 2712 mandamus
1168 2669 1394 2714 tibi-tirmiter
1431 2684 1463 2714 et
1505 2691 1670 2725 expresso
1700 2681 1835 2718 omnino
1879 2678 2059 2721 volentos„

1176 2737 1179 2740 ”
1795 2739 1834 2769 «12
