2325 2941
1212 117 1286 151 300

321 246 380 281 per
408 234 583 268 nonnullos
625 235 807 278 sapientes.
844 231 930 277 quod
958 242 1033 275 νος,
1071 236 1103 266 et
1136 234 1294 265 concines
1334 236 1479 275 vestros„
1509 243 1528 266 a
1557 232 1728 267 solucione
1762 232 1890 268 decime
1932 234 1972 268 de
2008 237 2118 269 vineis
2146 237 2179 269 in

322 299 424 340 agris.
454 296 567 340 pratis,
597 304 658 327 seu
687 292 760 337 alijs
788 292 882 335 locis,
925 292 965 326 de
993 291 1111 337 quibus
1153 297 1228 326 ante
1257 291 1396 325 dabatur
1435 294 1564 337 integra
1595 293 1735 337 decima,
1765 293 1851 339 apud
1878 305 1941 328 vos
1968 295 2121 340 plantatis
2148 299 2183 329 et

322 354 506 402 plantandis
544 356 575 387 in
611 353 857 387 detraccionem
899 353 1050 387 Ecclesie
1086 352 1207 386 ibidem
1240 364 1299 398 per
1337 364 1475 387 censum
1512 356 1693 398 vnicuique
1733 356 1834 388 vinee
1874 356 2069 400 inpositum,
2105 355 2182 390 licet

322 427 421 462 super
449 415 511 448 hoc
546 413 643 448 vobis
686 414 834 448 dedimus
864 414 945 448 alias
979 418 1110 448 nostras
1139 413 1276 449 litteras.
1312 424 1379 447 non
1407 416 1572 459 possimus
1600 414 1768 458 libertare,
1809 419 1944 461 propter
1972 416 2057 461 quod
2085 416 2181 450 ordi-

322 480 473 511 nauimus
502 486 561 521 per
589 475 670 509 alias
700 479 830 509 nostras
860 475 972 509 literas
1000 479 1032 508 et
1060 477 1243 511 statuimus,
1273 478 1309 508 vt-
1337 474 1377 508 de
1405 474 1591 509 huiusmodi
1623 478 1732 509 vineis
1767 475 1921 510 ammodo
1955 475 1996 509 ad
2029 475 2181 511 Castrum

322 541 351 571 in
381 535 593 570 i‘bantschitz
623 536 758 570 soluatis
787 538 917 582 penitus
945 535 1067 569 nullum
1097 546 1233 570 censum
1251 563 1258 569 .
1287 534 1485 570 Mandantes
1514 535 1660 569 fidelitati
1675 541 1789 570 vestre
1809 535 1945 570 firmiter
1960 541 1992 570 et
2006 547 2180 582 expresse,

321 602 354 631 vt
383 608 501 631 onmes
543 600 703 631 concines
731 602 864 631 vestros
899 601 1011 630 nostra
1047 599 1080 630 in
1122 596 1183 630 hac
1212 600 1306 642 parte
1342 595 1417 630 freti
1453 599 1663 640 auctoritate,
1706 600 1793 632 sicut
1826 601 1973 631 nostram
2009 597 2182 632 volueritis

321 658 582 692 irremissibilem
616 661 724 692 vitare
766 657 1034 702 indignacionem
1076 662 1191 691 tenere
1220 662 1251 691 et
1279 657 1480 703 compellere
1513 660 1626 703 vtique
1659 657 1818 701 debeatis,
1849 657 1936 703 quod
1964 669 1984 692 a
2011 658 2182 693 solucione

320 730 441 753 census
471 722 571 753 nostri
603 718 763 752 hactenus
793 717 888 752 nobis
917 718 958 752 ad
986 722 1131 752 castrum
1159 722 1310 752 nostrum
1332 720 1427 752 annis
1449 718 1589 763 singulis
1609 718 1673 752 dati
1692 723 1852 764 perpetuo
1869 718 2009 753 absoluti
2030 718 2183 753 Ecclesie

321 783 351 813 in
386 779 598 813 Ybantscbitz
639 780 776 813 vltcrius
815 778 959 825 quolibet
995 790 1083 813 anno
1116 779 1278 813 decimam
1315 779 1448 813 soluere
1476 790 1544 812 non
1584 778 1757 813 obmittant
1791 779 1935 813 debitam
1969 783 2002 814 et
2035 779 2183 823 totalem,

320 841 477 875 Rclielles
515 844 541 874 si
580 851 662 886 quos
695 843 887 874 inueneritis
922 844 1035 874 nostro
1064 842 1197 874 nomine
1229 842 1378 885 grauiter
1419 840 1677 886 compescendo.
1720 840 1840 875 Datum
1881 840 2030 875 lVienne
2062 843 2095 874 in
2130 840 2184 875 die

320 902 415 936 Beati
443 901 532 935 Luce
560 901 799 946 Ewangeliste.
2124 903 2128 909 ’

634 990 772 1026 ιβοιιΓιι-ηι.
797 998 810 1015 a
836 990 946 1023 lx'arolo7
973 998 1006 1026 mk.
1032 990 1076 1017 M..
1102 997 1171 1016 anno
1199 988 1289 1017 1337.
1315 1005 1355 1008 —
1381 993 1406 1016 et
1430 998 1443 1015 a
1469 989 1592 1015 Ladisiao
1617 998 1638 1016 r.
1663 990 1691 1016 B.
1721 988 1823 1023 1453„
1844 990 1919 1024 cujus
1947 989 2044 1016 ultimae
2064 989 2183 1017 confirm.

735 1041 875 1076 originalis
901 1041 976 1068 litera
1001 1045 1088 1068 exstat
1113 1042 1139 1068 in
1164 1042 1235 1068 curia
1260 1042 1384 1074 ibidem.)

324 1235 515 1267 Conventus
543 1235 746 1267 motmsleric‘
771 1234 816 1268 (ul
843 1234 881 1268 S.
915 1234 1054 1268 Claram
1086 1234 1249 1267 Olomulii
1269 1235 1466 1279 profitetur‚
1495 1234 1670 1268 Dimidium
1700 1234 1741 1268 de
1770 1233 1961 1279 Sternberq
1984 1245 2051 1278 pro
2079 1235 2186 1267 anni-

323 1297 478 1329 versario
515 1296 547 1328 in
581 1295 731 1329 ecclesia
774 1295 991 1329 Olomaeeusi
1017 1295 1216 1339 perayemlo
1251 1307 1349 1328 ruam
1390 1307 1540 1329 „zaream
1574 1295 1615 1329 de
1650 1294 1746 1329 bonis
1779 1297 1813 1329 in
1845 1295 1996 1329 Kr'euow
2038 1295 2183 1340 leqasse.

964 1356 1024 1390 Dc.
1054 1357 1108 1390 (lie
1137 1355 1175 1390 S.
1205 1356 1409 1390 Isatlzerinae
1438 1356 1549 1391 1329.
2178 1356 2182 1357 ⁷

493 1423 672 1476 lxoucrint
710 1446 856 1477 x‘niucrsi
891 1448 1063 1489 presentes
1096 1443 1220 1478 litteras
1255 1446 1464 1490 inspecturi.
1496 1443 1592 1485 Quod
1633 1455 1695 1478 nos
1730 1454 1826 1478 soror
1861 1442 1979 1478 Cunka
2013 1442 2184 1478 abbatissa

321 1508 471 1548 totusque
501 1508 685 1538 conuentus
727 1507 919 1538 monasterii
949 1509 980 1538 ct
1008 1505 1131 1539 ordinis
1160 1509 1275 1539 sancte
1317 1504 1415 1539 Clare
1444 1508 1476 1539 in
1506 1505 1645 1539 otomuc
1675 1509 1790 1539 tenore
1831 1507 2043 1551 presencium
2083 1515 2189 1539 reco—

320 1567 512 1609 gnoscimus
541 1569 571 1599 et
601 1564 752 1609 fatemur7
783 1565 888 1599 felicis
918 1568 1076 1599 memorie
1106 1566 1493 1612 dominumDywissium
1511 1566 1551 1600 dc
1569 1565 1808 1609 Stcrnnbcrch,
1832 1565 1908 1600 dum
1929 1565 2037 1600 adhuc
2057 1568 2187 1600 viueret

320 1636 421 1659 sanus
450 1637 592 1672 corpore
620 1631 652 1660 et
681 1630 790 1660 mente
832 1638 980 1673 compos,
1024 1627 1166 1661 ecclesie
1202 1626 1416 1661 Olomucensi
1453 1638 1512 1673 pro
1542 1630 1774 1661 anniuersario
1807 1626 1869 1662 sibi
1897 1629 1929 1661 in
1957 1626 2076 1661 eadem
2103 1636 2187 1673 per-

321 1691 419 1731 petuo
448 1686 654 1732 peragendm
683 1698 784 1721 vnam
821 1699 967 1721 marcam
997 1691 1174 1733 sexaginta
1208 1693 1349 1734 quatuor
1376 1699 1572 1733 grossorum
1607 1688 1827 1733 Pragensium
1855 1698 1915 1734 pro
1944 1690 2016 1734 ipsa
2044 1697 2186 1733 compu-

322 1747 430 1780 tando.
461 1747 500 1781 de
530 1747 624 1781 bonis
653 1751 684 1781 in
715 1747 860 1782 Crenow
889 1760 951 1794 quc
981 1760 1024 1783 ex
1053 1749 1239 1783 donacione
1268 1750 1416 1783 eiusdem
1447 1749 1568 1783 domini
1597 1748 1802 1795 Dywissehij
1833 1753 1984 1784 tenemus
1998 1752 2032 1783 et
2046 1746 2185 1795 pacifice

322 1808 530 1853 possidemus
566 1809 770 1855 disposuisse
805 1814 837 1843 ct
865 1810 998 1846 itu-rasso
1037 1822 1171 1844 suarum
1201 1815 1318 1844 tenore
1347 1814 1535 1857 patcucium
1564 1810 1744 1844 litterarum
1773 1813 1857 1844 in..
1887 1813 2073 1844 continetur
2095 1835 2102 1842 .
2132 1807 2187 1842 Ad

321 1871 415 1901 cuius
444 1869 574 1913 quidem
604 1882 714 1903 marce
744 1870 972 1904 solucionem.
992 1899 998 1905 .
1018 1898 1050 1905 ..
1081 1871 1226 1917 predicte
1256 1871 1400 1906 ecclesie
1429 1871 1642 1905 Olomuccnsi
1672 1871 1798 1917 absque
1827 1870 2016 1905 difficultate
2044 1868 2187 1915 qualibet

322 1928 508 1962 faciendam
540 1933 569 1963 in
602 1934 831 1965 anniuersario
864 1934 894 1965 iu
925 1931 1041 1966 cadem
1085 1932 1227 1966 ecclesia
1270 1932 1398 1979 prefato
1441 1932 1572 1966 domino
1614 1932 1787 1978 Dywissio
1816 1942 1903 1966 anno
1925 1929 2070 1977 quolibet
2097 1940 2188 1964 nono

322 1989 481 2023 kalendas
511 1990 706 2025 Decembris
735 1992 952 2038 peragendo.
984 2004 1044 2027 nos
1074 1998 1105 2027 ct
1134 1993 1254 2027 dictum
1283 1998 1431 2027 nostrum
1461 1996 1698 2027 monasterium
1727 2004 1771 2027 ex
1794 1996 1883 2027 certa
1901 1993 2047 2026 sciencia
2069 1995 2187 2025 tenore

321 2053 522 2096 presentium
556 2051 732 2086 litterarum
754 2080 761 2086 .
791 2052 851 2087 sub
887 2054 1004 2099 prefati
1042 2057 1144 2088 nostri
1181 2059 1366 2088 conuentus
1401 2054 1509 2099 sigillo
1543 2054 1693 2088 datarum
1735 2064 1822 2088 anno
1858 2052 1981 2086 domini
2010 2051 2185 2086 millesimo

322 2110 466 2146 C‘'C‘'C‘’.
496 2111 590 2145 XXs'.
623 2124 722 2155 nono,
761 2116 790 2147 in
825 2114 876 2147 dio
919 2119 1034 2149 sancte
1064 2114 1245 2149 Katberine
1275 2118 1489 2160 astringimus
1518 2115 1735 2149 submittiimis
1769 2118 1802 2148 ct
1828 2112 2015 2157 obligamus
2033 2140 2040 2147 .
2072 2113 2186 2147 Tenor

318 2174 401 2205 'vcro
431 2172 590 2206 dictarum
625 2173 806 2207 tun-rarum
837 2174 958 2209 domini
994 2175 1198 2221 Dywisscbij
1230 2187 1312 2222 quas
1350 2179 1381 2210 in
1416 2179 1592 2222 presencia
1639 2180 1671 2210 et
1707 2174 1862 2209 nobilium
1898 2177 2046 2208 virorum
2074 2173 2186 2208 domi-

322 2244 437 2266 norum
473 2233 731 2280 subscriptorum
767 2236 882 2279 sigillis
924 2237 1083 2280 sigillatas
1119 2239 1268 2281 integras
1303 2241 1335 2271 et
1373 2237 1486 2271 saluas
1522 2239 1710 2282 recepimus
1745 2239 1777 2268 et
1812 2234 1971 2269 babemus
2005 2234 2186 2269 dinoscitur

321 2306 396 2327 csse
425 2294 497 2328 talis
522 2322 528 2328 .
559 2293 594 2328 In
624 2298 756 2328 nominc
786 2295 906 2330 domini
943 2309 1063 2332 amen.
1094 2298 1271 2332 Hominum
1305 2309 1403 2343 quum
1439 2297 1544 2331 labilis
1578 2301 1627 2330 est
1661 2298 1818 2329 memoria
1852 2300 1914 2330 etc.
1940 2323 1947 2330 .
1971 2323 1978 2330 .
2010 2294 2121 2330 1329.
2152 2297 2184 2330 in

322 2355 372 2388 dic
402 2360 590 2390 sanctorum
619 2356 844 2402 apostolorum
874 2357 958 2391 l'ctri
988 2363 1021 2392 et
1049 2358 1151 2392 Pauli.
1204 2359 1314 2399 (Vide
1342 2371 1373 2393 η.
1407 2356 1698 2393 CCCLXXXR'I.
1729 2356 1761 2390 le.
1796 2356 1855 2400 T.)

636 2453 688 2485 (Ex
714 2452 837 2487 originali
862 2452 887 2479 in
913 2454 1021 2481 archivo
1046 2455 1157 2491 capituli
1186 2455 1373 2483 otomucensis
1399 2453 1527 2482 desumsit
1552 2454 1614 2480 Aut.
1641 2453 1771 2489 llorzck.)
