2341 3005
1066 134 1135 171 161

1008 251 1189 287 CCXVIII.

161 323 355 369 Capitulum
385 323 568 370 Praqense
596 325 777 369 confirmat
805 323 1025 358 donationem
1045 325 1141 369 juris
1172 327 1385 369 patronatus
1414 325 1574 360 eccles-im
1603 328 1634 360 z‘n
1664 327 1811 362 Polz'clfa
1837 340 1903 373 per
1931 340 2045 374 reyem

253 385 445 420 ,Iohannem
477 388 606 432 reqinae
633 385 852 420 Elisabethoe
877 387 1021 431 factam.
1052 385 1113 420 Dt.
1143 385 1272 432 Praqae
1309 386 1344 421 V.
1376 386 1557 421 Kalendas
1586 388 1801 433 Septembris
1831 389 1944 424 1322.

331 463 422 517 Ros
452 483 564 517 diuina
592 485 817 517 miseracione
846 482 971 529 Hynko
1000 485 1201 530 prepositus,
1231 482 1420 530 VVoyslaus
1448 484 1619 519 Decanus.
1644 485 1830 534 Totumque
1860 488 2045 535 Capitulum

157 543 339 590 Pragensis
368 544 524 579 Ecclesie
553 544 747 579 Venerabili
776 547 809 578 in
839 543 969 579 Christo
1005 549 1099 591 patre
1133 549 1167 579 et
1201 545 1335 580 domino
1370 550 1485 580 nostro
1522 546 1657 581 domino
1692 548 1846 584 ,Iohanne
1880 550 2044 596 Pragensi

155 605 324 652 Episcopo
361 618 421 653 per
458 606 582 641 Sedem
619 606 838 654 apostolicam
881 618 899 640 a
935 607 1155 653 spiritualium
1190 611 1222 641 et
1259 608 1490 654 temporalium
1534 608 1828 645 administracione
1866 623 2041 659 suspenso.

154 666 275 702 Notum
306 667 447 702 facimus
475 671 644 703 vniuersis
674 673 849 715 presentes
877 668 990 703 literas
1020 671 1230 716 inspecturis,
1262 669 1360 711 Quod
1390 673 1625 705 serenissimus
1647 671 1814 707 Dominus
1842 679 1957 708 noster
1978 674 2044 709 Jo-

154 728 284 764 hannes
304 729 443 764 Boemie
467 734 498 764 et
514 729 653 764 Polonie
678 730 754 764 Rex
781 730 857 765 dato
883 735 913 764 et
941 742 1106 765 concesso
1128 731 1353 766 Serenissime
1378 732 1524 776 dominc,
1549 732 1683 768 domine
1705 733 1890 769 Elizabeth.
1914 736 2043 771 Relicte

155 791 323 837 quondam
352 791 477 826 domini
504 791 703 826 NVenceslai
732 795 874 826 senioris
904 792 1042 827 Boemie
1072 797 1104 827 et
1132 792 1270 827 Polonie
1298 793 1405 840 Regis
1436 797 1704 841 iurepatronatus
1735 801 1767 830 et
1802 797 1892 831 totali
1924 798 2042 844 dispo-

155 856 285 888 sicione
313 852 467 888 Ecclesie
495 853 716 900 parrochialis
752 857 783 888 in
814 854 970 889 Policzka
999 854 1186 901 Requisiuit
1214 866 1232 889 a
1262 855 1369 899 nobis‚
1406 860 1441 890 vt
1471 856 1692 892 collacionem
1722 863 1753 892 et
1782 862 2040 894 concessionem

156 917 262 961 ipsam
292 914 492 950 confirmare
520 921 635 950 nostre
665 919 869 951 auctoritatis
898 916 1020 951 robore
1050 917 1261 951 deberemus.
1291 916 1362 952 Nos
1393 923 1504 952 autem
1533 930 1592 953 sue
1621 920 1803 955 voluntatis
1831 919 2042 968 beneplacito

157 982 345 1011 annuentes
382 976 610 1013 Collacionem
653 983 683 1012 ct
713 982 971 1013 concessionem
1000 982 1106 1026 ipsam
1135 984 1231 1026 prout
1260 982 1292 1013 in
1322 982 1425 1026 ipsius
1455 980 1578 1015 domini
1601 980 1708 1027 Regis
1730 985 1920 1017 continetur
1941 983 2043 1017 literis·

153 1043 268 1073 nostre
297 1044 454 1086 quantum
484 1043 516 1074 in
546 1039 642 1075 nobis
671 1045 721 1075 est
750 1044 955 1075 auctoritatis
984 1044 1169 1088 patrocinio
1199 1041 1448 1076 confirmamus.
1485 1042 1614 1077 Dantes
1643 1046 1676 1077 in
1706 1048 1931 1079 testimonium
1960 1057 2043 1091 pre—

152 1107 267 1137 sentes
301 1100 415 1136 literas
452 1101 570 1149 Sigillo
607 1102 746 1149 Capituli
777 1105 881 1138 nostri
916 1106 1069 1148 munitas‚
1098 1103 1221 1138 Datum
1249 1103 1359 1150 Prage
1388 1115 1476 1138 anno
1507 1105 1630 1139 domini
1658 1104 1946 1141 MOCCCOXXIIO.
1982 1107 2041 1141 ΥΟ.

153 1161 321 1197 Kalendas
352 1163 541 1210 Septembr.

467 1244 557 1280 (Orig,
590 1246 735 1273 membran.
761 1247 836 1281 cujus
860 1246 979 1281 sigillum
1004 1250 1109 1282 ruptum
1134 1250 1186 1281 est,
1210 1246 1237 1274 in
1262 1247 1372 1274 archivo
1398 1247 1555 1274 monasterii
1583 1248 1671 1285 „Aula
1694 1250 1720 1276 S.
1741 1248 1850 1276 Mari-<2²
1877 1249 1947 1285 apud
1968 1250 1997 1277 C.
2013 1250 2042 1277 R.

573 1298 690 1326 Gubern.
716 1299 809 1326 Brun-ac·
834 1300 883 1326 sub
909 1299 947 1326 lit.
974 1300 1006 1327 A.
1032 1309 1058 1327 n.
1085 1302 1128 1333 o.)

1024 1396 1173 1431 CCXIX.

150 1465 343 1511 .lol2amees‚
374 1478 441 1501 rea:
468 1467 646 1502 Bohemt'ce
681 1468 786 1502 donat
815 1469 943 1514 reffl'nae
972 1467 1190 1503 Elisabethae
1222 1469 1352 1503 donmm
1383 1481 1495 1515 prope
1530 1469 1701 1516 capellam
1731 1472 1862 1516 reffl'am
1892 1470 2031 1506 Brmzae.

637 1529 767 1564 Datum
795 1530 923 1576 Prayoe
951 1529 1019 1564 III.
1050 1531 1173 1564 Nonas
1201 1531 1407 1565 Novembris
1438 1531 1553 1566 1322.

327 1589 418 1644 Ros
446 1608 621 1644 Joliannes
650 1609 703 1643 dei
731 1613 847 1655 gracia
877 1610 1015 1644 Boemie
1045 1614 1077 1644 et
1105 1609 1244 1645 Polonie
1273 1611 1360 1646 Rex.
1391 1623 1431 1646 ac
1461 1611 1766 1657 Lucemburgensis
1797 1611 1931 1655 Comes
1962 1612 2039 1646 No-

151 1675 218 1705 tum
246 1669 388 1705 facimus
415 1674 585 1706 vniuersis
613 1676 790 1718 presentes
818 1672 945 1706 litteras
974 1675 1188 1719 inspecturis„
1226 1672 1323 1715 Quod
1358 1674 1471 1708 inclite
1507 1673 1651 1708 domine.
1690 1673 1824 1708 domine
1853 1673 2038 1708 Elizabetli.

151 1732 296 1778 Regine,
333 1733 501 1779 quondam
537 1733 658 1767 domini
695 1733 924 1781 wencesslay
961 1734 1036 1768 diue
1072 1734 1324 1769 recordacionis
1360 1735 1468 1780 Regis
1504 1735 1644 1769 Boemie
1678 1735 1816 1770 lllustris
1855 1736 1975 1770 Soceri
2011 1741 2041 1770 et

150 1794 407 1829 Predeeessoris
435 1798 542 1829 nostri
571 1795 747 1830 Karissimi
776 1795 916 1840 Relicto,
940 1796 1093 1830 volentes
1121 1799 1273 1842 graciam
1302 1796 1483 1843 specialem
1513 1796 1639 1831 facere.
1670 1800 1701 1831 ei
1726 1797 1861 1831 domum
1888 1802 2040 1832 nostram

151 1867 257 1904 prope
286 1856 456 1904 Capellam
486 1857 642 1903 Regiann
674 1860 704 1891 in
730 1857 871 1891 Ciuitate
900 1863 1013 1892 nostra
1043 1858 1208 1892 Brunensi
1237 1861 1346 1892 sitam.
1377 1870 1451 1892 cum
1481 1858 1635 1893 omnibus
1665 1861 1882 1905 pertinenciis
1910 1860 2041 1894 vtilita-

151 1918 236 1953 tibus
265 1923 298 1953 et
324 1919 542 1966 prouenthus
573 1922 653 1964 suis,
670 1924 702 1954 et
731 1920 922 1966 specialiter
950 1931 1025 1954 cum
1046 1920 1324 1966 Jurepatronatus
1347 1923 1449 1966 ipsius
1473 1920 1620 1967 Capelle„
1638 1920 1678 1954 de
1700 1920 1898 1956 liberalitate
1923 1927 2039 1956 nostra

151 1980 274 2027 Regia,
304 1980 482 2016 tenendam
512 1992 573 2028 per
601 1992 676 2015 eam
705 1984 777 2016 iure
806 1985 1018 2029 proprietatis
1041 1993 1079 2016 ac
1102 1981 1305 2016 hereditario
1327 1986 1359 2016 et
1382 1986 1544 2029 perpetuo
1569 1983 1808 2029 possidendam
1834 1983 2039 2018 conferimus

150 2046 185 2077 et
211 2041 387 2087 donamus,
417 2054 517 2078 omne
545 2046 607 2087 ius,
639 2043 725 2089 quod
754 2055 816 2078 nos
845 2046 878 2078 in
908 2043 1006 2078 domo
1036 2048 1069 2078 et
1098 2043 1233 2090 Capella
1263 2043 1420 2090 predictis
1450 2046 1608 2091 conpetit.
1646 2047 1677 2079 in
1712 2048 1818 2092 ipsam
1849 2045 2039 2080 omnimode

150 2104 436 2149 transfundentes,
467 2117 507 2140 ac
536 2105 654 2140 dantes
683 2107 744 2152 ipsi
775 2105 908 2140 domine
937 2105 1070 2151 Regino
1098 2105 1262 2152 prefatam
1285 2105 1418 2140 domum
1448 2105 1607 2150 donandi,
1637 2106 1784 2152 legandi.
1815 2108 2036 2154 permutandi,

150 2165 332 2211 obligandi,
361 2171 395 2201 et
422 2170 541 2213 quouis
571 2167 635 2202 alio
665 2167 769 2214 tytulo
799 2167 1018 2202 alienacionis
1039 2170 1071 2201 in
1100 2178 1280 2214 personam
1305 2168 1402 2202 aliam
1427 2167 1650 2203 transferendi
1679 2180 1720 2203 ao
1747 2168 1892 2204 faciendi
1921 2169 1962 2203 de
1984 2181 2036 2203 ea.

151 2233 319 2274 tamquam
348 2228 389 2263 de
424 2240 461 2263 re
489 2241 550 2264 sua
578 2232 725 2276 propria,
755 2240 816 2276 pro
845 2241 905 2264 sue
933 2229 1023 2263 libito
1052 2229 1247 2273 voluntatis‚
1284 2229 1416 2276 plenam
1445 2234 1478 2264 et
1505 2230 1732 2265 omnimodam
1761 2235 1971 2277 potestatem‚
2001 2230 2037 2265 In

150 2293 245 2324 cuius
273 2292 323 2324 rei
352 2293 576 2325 testimonium
605 2295 781 2338 presentes
810 2291 936 2326 litteras
958 2290 1030 2325 fieri
1058 2291 1211 2325 fecimus.
1241 2296 1274 2326 et
1298 2291 1416 2337 Sigillo
1438 2296 1566 2335 nostro‚
1596 2303 1662 2338 quo
1686 2293 1727 2327 ad
1750 2304 1893 2340 presens
1914 2295 2038 2327 vtimur

150 2354 362 2395 communiri,
391 2351 511 2386 Datum
542 2352 756 2398 Pragellll‘).
786 2352 903 2387 Nonas
931 2352 1133 2388 Nouembris
1162 2353 1264 2388 Anno
1300 2353 1424 2388 domini
1459 2353 1650 2399 Millesimo,
1681 2354 1708 2389 T
1712 2357 1948 2398 reccutesimQ
1978 2357 2037 2389 vi-

149 2416 277 2448 cesimo
306 2413 468 2457 secundo,
498 2413 694 2460 Regnorum
722 2426 807 2449 vero
837 2419 1038 2459 nostrorum,
1069 2426 1157 2449 anno
1182 2414 1404 2450 Duodecimo.

465 2493 554 2528 (Orig.
580 2496 725 2522 membran.
751 2504 808 2522 cum
822 2495 914 2524 sigillo
939 2494 1039 2523 minori
1063 2495 1132 2522 bene
1147 2498 1311 2523 conservato
1330 2495 1356 2523 in
1372 2496 1483 2524 archivo
1503 2496 1658 2524 monasterii
1685 2496 1773 2529 ..Aula
1790 2496 1817 2522 S.
1831 2495 1939 2523 ltiariae‘
1966 2496 2036 2531 apud

567 2547 595 2574 C.
620 2548 648 2575 R.
675 2547 791 2575 Gubern.
819 2548 911 2575 ssrnnoe
936 2548 985 2575 sub
1011 2548 1049 2575 lit.
1075 2549 1104 2575 G.
1131 2557 1156 2575 n.
1185 2547 1250 2584 27.)

1783 2723 1820 2753 21
