2325 2941
1223 121 1297 157 274

1187 253 1341 288 CCCLV.

328 338 514 372 Johmmes.
552 346 649 380 papa
676 334 799 369 XXII.
830 335 969 368 mandat
1015 333 1214 368 Trebieensi
1240 337 1274 367 et
1303 332 1451 366 Luceres&
1486 332 1668 367 abbatibus
1697 336 1731 367 et
1762 332 1969 367 Chum’censess
1990 335 2192 379 proepose'm,

329 403 364 432 at
393 396 575 442 capitulum
608 395 833 430 Olonmcense
861 396 907 429 ad
931 397 1185 449 ‘restitutionem
1222 394 1443 439 reliquiarum
1473 394 1681 428 Sanctorum
1710 394 1789 428 olim
1814 405 1921 439 penes
1950 406 2048 439 reyes
2082 395 2194 430 lVen-

398 458 547 492 ceslmtm
566 456 624 513 1ΙΙ.
655 460 689 491 et
718 457 785 492 III.
816 457 1063 491 custoditurum
1092 455 1309 501 compellant.
1340 454 1400 489 Dt.
1430 455 1605 489 Acim'one
1640 455 1676 490 1⁷.
1708 454 1788 488 Idus
1819 453 1978 489 Octobris
2008 454 2119 490 1327.

501 541 697 596 Johannes
725 561 914 608 Episcopus
943 560 1072 595 Servus
1101 560 1286 594 Servorum
1321 559 1385 594 Dei
1411 559 1550 594 Dilectis
1584 560 1681 594 filiis.
1701 588 1708 594 .
1745 559 1953 594 Trehecensi
1987 564 2020 594 et
2052 559 2194 595 Lucensi

327 622 527 666 Abbatibus,
557 634 646 657 ac..
677 622 850 669 Preposito
886 621 1087 656 Cliunicensi
1127 633 1188 668 per
1221 621 1429 667 Prepositum
1465 621 1551 656 soliti
1584 621 1766 666 gubernari
1799 619 2082 655 Monasteriorum
2110 620 2196 655 Olo-

327 687 495 719 mucensis
538 683 693 717 Diocesis
736 683 884 717 Salutem
914 687 945 717 et
972 682 1204 729 Apostolicam
1239 682 1527 717 Benedictionem.
1557 682 1674 717 Petitio
1704 682 1884 717 Carissime
1912 684 1945 716 in
1974 681 2105 716 Christo
2133 681 2197 725 filie

327 750 439 780 nostre
469 744 641 779 Elizabetli
669 745 801 790 Regiae
830 744 968 778 Boemie
996 744 1135 778 Illustris
1163 743 1260 778 nobis
1289 755 1396 790 nuper
1423 743 1571 778 exhibita
1600 743 1790 778 continebat
1818 742 1905 789 quod
1933 747 1999 777 tam
2026 741 2198 777 brachium

327 811 443 841 sancte
483 806 585 840 Anne
621 817 719 851 quain
754 805 912 840 nonnulle
954 805 1017 839 alie
1052 809 1243 839 sanctorum
1278 805 1417 850 reliquie
1458 816 1563 852 penes
1606 804 1696 839 clare
1736 807 1896 839 memorie
1936 804 2199 838 Wenczeslaum

327 872 454 914 patrem
489 871 522 901 et
549 871 623 913 post
661 870 732 901 eius
774 866 899 901 obitum
941 878 1045 913 penes
1078 866 1340 900 tVenczeslauin
1383 865 1517 900 fratrem
1554 877 1633 900 suos
1661 865 1776 911 Reges
1804 866 1943 900 Boemie
1977 876 2042 911 que
2071 864 2112 899 ad
2140 875 2200 899 eos

326 931 411 963 iuste
445 932 671 974 pervenerant
707 927 840 962 fuerunt
881 939 956 962 cuin
989 928 1168 962 devotione
1203 930 1349 961 maxima
1383 927 1546 961 custodita
1589 926 1743 973 quodque
1772 927 1881 961 dilecti
1922 926 1977 961 filii
2014 925 2200 973 Capitulum

328 989 475 1024 ecclesie
506 988 737 1023 Olomucensis
766 994 840 1035 post
869 988 992 1023 obitum
1021 989 1170 1023 eiusdem
1198 988 1418 1023 NVenczeslai
1446 988 1552 1033 Regis
1580 987 1691 1022 fratris
1720 991 1771 1022 sui
1800 990 1854 1034 qui
1882 990 1915 1022 in
1944 987 2086 1022 Civitate
2115 985 2202 1021 Olo-

329 1053 480 1084 mucensi
517 1053 623 1084 extitit
660 1053 876 1097 interemptus
912 1049 1082 1084 brachium
1112 1054 1142 1084 et
1166 1050 1247 1084 alias
1289 1055 1478 1084 sanctorum
1520 1049 1678 1095 reliquias
1721 1049 1910 1096 supradicta
1951 1060 2058 1096 penes
2094 1051 2201 1095 ipsum

328 1116 459 1158 reperta
495 1116 645 1157 tempore
684 1114 798 1146 mortis
835 1123 894 1146 sue
929 1111 968 1145 ad
1004 1114 1111 1158 ipsam
1147 1111 1314 1157 Reginam
1349 1110 1590 1146 rationabiliter
1617 1099 1815 1157 pertinentia
1844 1113 2040 1145 auctoritate
2067 1111 2201 1156 propria

328 1177 539 1218 asportarunt
569 1177 601 1206 et
630 1177 836 1219 occuparunt
866 1177 898 1207 et
927 1172 1034 1207 adbuc
1063 1173 1210 1207 detinent
1238 1177 1400 1219 occupata
1430 1175 1462 1206 in
1491 1175 1594 1218 ipsius
1621 1172 1754 1217 Regine
1782 1172 2000 1219 preiudicium
2028 1182 2095 1205 non
2124 1181 2202 1205 mo—

328 1234 435 1268 dicum
466 1238 497 1268 et
525 1245 724 1279 gravamen.
757 1233 870 1276 Quare
893 1234 1020 1280 prefata
1044 1235 1176 1279 Regina
1199 1234 1294 1268 nobis
1311 1233 1475 1268 humiliter
1496 1234 1693 1280 supplicavit
1714 1238 1749 1267 ut
1770 1232 1955 1280 Capitulum
1977 1232 2202 1279 supradictum

329 1307 368 1329 ac
404 1295 593 1340 singulares
630 1307 793 1342 personas
827 1295 867 1330 de
896 1299 969 1342 ipso
1000 1295 1151 1342 Capitulo
1187 1295 1227 1329 ad
1255 1298 1496 1329 restitutionem
1527 1294 1652 1329 hracliii
1682 1299 1714 1329 et
1741 1295 1952 1340 reliquiarum
1980 1294 2202 1341 predictorum

329 1356 531 1402 compellere
561 1356 601 1390 de
630 1356 837 1402 benignitate
880 1357 1063 1403 apostolica
1092 1357 1317 1402 dignaremur.
1349 1356 1435 1398 Quia
1464 1368 1546 1390 vero
1576 1356 1616 1390 de
1644 1359 1816 1402 premissis
1850 1360 1881 1390 et
1910 1367 2024 1390 eorum
2054 1358 2204 1390 circum-

328 1420 457 1452 stantiis
486 1421 634 1452 notitiam
664 1429 731 1452 non
760 1417 921 1452 babemus
950 1423 1107 1463 gerentes
1137 1429 1269 1464 quoque
1298 1418 1338 1452 de
1367 1422 1481 1452 vestre
1510 1420 1821 1464 circumspectionis
1857 1417 2015 1451 industria
2050 1416 2204 1450 fiduciam

328 1481 359 1513 in
403 1478 546 1513 Domino
588 1479 767 1525 specialem
811 1479 1001 1514 discretioni
1038 1484 1152 1513 vestre
1194 1491 1255 1526 per
1296 1479 1477 1526 apostolica
1514 1482 1635 1525 scripta
1672 1481 1905 1513 committimus
1940 1482 1973 1512 et
2007 1477 2204 1512 mandamus

328 1543 481 1585 quatinus
517 1543 647 1574 vocatis
690 1543 745 1586 qui
781 1540 901 1575 fuerint
939 1541 1105 1575 evocandi
1140 1541 1333 1587 simpliciter
1361 1545 1393 1575 et
1421 1540 1461 1574 de
1490 1540 1588 1587 plano
1624 1543 1696 1574 sine
1731 1543 1867 1586 strepitu
1897 1543 1929 1574 et
1956 1538 2063 1585 figura
2092 1538 2204 1573 iudicii

330 1606 434 1634 utrum
470 1600 510 1635 ad
544 1601 662 1635 dictam
705 1601 872 1647 Reginam
914 1602 968 1636 vel
1011 1602 1051 1636 ad
1093 1602 1234 1636 eandem
1272 1602 1529 1636 Olomucensem
1565 1601 1744 1636 ecclesiam
1773 1600 1951 1636 Brachium
1984 1605 2017 1635 et
2050 1600 2203 1646 Reliquie

329 1662 518 1708 supradicta
556 1661 699 1697 debeant
734 1666 902 1709 pertinere
938 1674 1000 1698 vos
1030 1664 1181 1710 plenarie
1208 1663 1394 1698 informetis
1423 1667 1455 1697 et
1482 1663 1611 1697 illorum
1641 1663 1779 1697 alterum
1809 1662 1849 1696 ad
1879 1673 1978 1708 quem
2005 1673 2066 1709 per
2093 1660 2203 1696 infor-

331 1726 508 1758 mationem
551 1723 738 1758 liuiusmodi
774 1723 872 1759 vobis
914 1727 1097 1759 constiterit
1133 1724 1303 1760 brachium
1340 1729 1372 1759 et
1412 1724 1569 1770 reliquias
1611 1727 1779 1771 pertinere
1809 1724 1957 1771 predicta
1985 1734 2026 1758 eo
2054 1725 2203 1770 primitus

331 1796 390 1830 per
417 1796 480 1818 vos
510 1787 540 1819 in
571 1788 788 1832 possessione
830 1790 927 1832 prout
968 1789 1089 1821 iustum
1131 1785 1230 1820 fuerit
1261 1789 1370 1832 posito
1405 1786 1587 1820 eorundem
1616 1785 1747 1820 faciatis
1775 1784 1903 1820 brachii
1932 1789 1964 1820 et
1991 1784 2202 1831 reliquiarum

331 1845 553 1891 predictorum
582 1846 720 1892 pacilica
751 1849 966 1893 possessione
995 1847 1155 1892 gaudere.
1187 1846 1458 1881 Contradictores
1488 1858 1548 1894 per
1576 1859 1753 1881 censuram
1790 1847 2052 1881 ecclesiasticam
2083 1845 2204 1892 appel-

330 1906 454 1940 latione
496 1910 675 1953 postposita
705 1908 964 1955 compescendo.
1009 1908 1129 1943 Testes
1172 1913 1281 1943 autem
1315 1911 1368 1955 qui
1405 1908 1527 1942 fuerint
1564 1904 1722 1943 nominati
1758 1911 1785 1943 si
1827 1919 1864 1942 se
1898 1910 2004 1953 gratia
2038 1906 2115 1940 odio
2149 1906 2202 1940 vel

333 1969 450 2001 timore
487 1967 712 2003 subtraxerint
744 1980 888 2004 censura
917 1969 1012 2004 simili
1043 1970 1264 2017 appellatione
1292 1974 1450 2004 cessante
1479 1970 1684 2016 compellatis
1712 1972 1842 2004 veritati
1871 1970 2091 2003 testimonium
2121 1979 2204 2014 per-

333 2027 458 2062 bibere.
501 2027 576 2062 Non
614 2028 820 2064 obstantibus
849 2033 875 2065 si
905 2030 1067 2077 aliquibus
1097 2034 1316 2065 communiter
1343 2031 1398 2065 vel
1428 2031 1559 2065 divisim
1589 2043 1606 2065 a
1637 2031 1717 2065 sede
1750 2029 1932 2076 apostolica
1961 2031 2002 2063 sit
2030 2028 2204 2073 indultum,

332 2089 418 2134 quod
450 2089 599 2124 interdici
630 2091 786 2136 suspendi
817 2092 870 2126 vel
899 2095 1185 2127 excommunicari
1214 2104 1280 2127 non
1310 2095 1441 2139 possint
1466 2104 1527 2139 pcr
1556 2092 1680 2126 litteras
1709 2090 1910 2138 apostolicas
1940 2101 2005 2124 non
2041 2089 2204 2125 facientes

332 2151 462 2197 plenam
500 2154 531 2185 et
569 2162 767 2197 expressam
810 2164 848 2186 ac
891 2153 932 2188 de
967 2153 1072 2188 verbo
1109 2154 1149 2188 ad
1185 2153 1325 2188 verbum
1361 2153 1402 2187 dc
1444 2153 1567 2188 indulto
1604 2151 1791 2187 huiusmodi
1819 2154 2032 2185 mentionem.
2082 2150 2204 2186 Datum

333 2212 503 2246 Avinione
531 2210 572 2246 V.
604 2211 679 2245 ldus
709 2212 862 2247 Octobris
891 2214 992 2249 Anno
1022 2215 1231 2250 duodecima

644 2308 696 2342 (Ex
733 2311 903 2344 autographo
935 2311 1054 2345 lic-gesto
1084 2311 1227 2346 Johannis,
1259 2321 1334 2347 papae
1369 2312 1450 2339 xxn.
1480 2311 1541 2338 anni
1565 2311 1622 2339 xil.
1652 2313 1721 2345 part.
1748 2310 1766 2336 1.
1791 2318 1853 2345 pag.
1883 2309 1950 2338 156.
1975 2310 2054 2346 epist.
2081 2309 2152 2338 437.
2177 2310 2203 2338 in

750 2361 899 2388 Tabulariis
925 2363 1062 2390 Vaticanis
1086 2364 1218 2392 desumsit
1243 2365 1286 2392 Dr.
1313 2365 1340 2392 B.
1366 2364 1478 2397 Dudik.)
