2325 2941
1185 142 1252 177 136

283 261 334 293 sui
364 269 495 293 sumere
537 261 752 292 incrementa.
782 269 854 291 cuin
899 257 985 291 lideli
1020 261 1134 291 nostro
1176 255 1454 295 Hermanditrich,
1498 259 1773 303 permutationem
1815 268 1874 303 pro
1917 259 1986 292 suis
2028 257 2147 301 laneis,

286 330 368 364 quos
398 323 473 364 aput
502 321 607 364 ipsum
636 317 806 352 obtinebat
834 318 1000 364 oppidum,
1031 320 1103 351 sine
1132 317 1249 362 quibus
1279 316 1364 350 idem
1393 317 1548 364 oppidum
1574 322 1607 351 et
1636 319 1736 363 ipsius
1765 318 1939 352 commode
1967 318 2149 353 subsistere

286 391 350 413 uon
380 383 530 425 poterant
558 379 678 413 incole.
709 378 870 413 facientes
900 379 940 413 de
968 378 1072 411 libera
1101 383 1134 411 et
1162 382 1345 423 spontanea
1375 380 1478 423 ipsius
1513 379 1695 415 voluntate,
1732 378 1819 411 nulla
1855 381 1989 412 omniuo
2024 382 2059 413 vi
2087 390 2148 414 seu

285 443 458 473 coactione
489 442 741 475 interueniente.
785 440 933 479 dilig-ena
962 450 1062 484 super
1104 449 1144 472 eo
1174 443 1312 472 tractatu
1354 443 1386 472 et
1414 438 1576 484 frequenti
1619 438 1805 485 prehabito„
1835 450 1874 472 ac
1903 438 2144 474 honorabilium

287 504 430 534 virorum
472 499 610 534 fratrum
651 505 840 534 nostrorum
881 503 913 534 iu
950 500 1082 534 Christo
1125 499 1330 533 dilectorum.
1373 499 1553 533 Jeuczonis
1595 500 1725 534 decani.
1770 499 1932 534 Sborouis
1973 503 2147 546 prepositi,

282 561 444 594 ,iohannis
475 561 699 595 archidiaconi
736 566 767 595 ct
802 561 935 607 capituli
971 560 1056 594 dicte
1092 561 1236 594 ecclesie
1273 565 1384 594 nostre
1419 565 1509 594 certa
1546 564 1684 595 scientia
1714 565 1742 594 et
1774 571 1937 606 expresso
1967 561 2149 595 accedente

283 633 463 661 consensu,
494 622 555 655 sibi
586 622 667 656 alios
696 622 812 656 laneos
841 625 872 655 in
908 621 985 655 villa
1021 621 1208 655 Petrowicz
1244 633 1359 655 meuse
1396 626 1509 655 nostre
1545 624 1746 667 pertinentes
1782 632 1854 655 eum
1885 620 2037 656 omnibus
2066 633 2149 668 per-

283 685 438 719 tinentiiS.
469 682 629 717 fructibus
665 687 696 716 et
724 682 915 717 utilitatibus
960 682 1152 716 eorumdem
1195 694 1255 728 pro
1284 682 1378 716 dictis
1407 685 1475 716 suis
1518 682 1624 716 laneis
1654 682 1814 716 dedimus.
1845 682 2053 725 contulimus,
2083 683 2149 717 da-

282 754 420 788 musque
449 748 480 777 et
508 744 711 778 conferimus
740 743 950 790 presentibus
980 743 1220 777 rationabiliter
1248 748 1346 789 atque
1376 747 1436 777 rite
1466 743 1627 777 tenendos
1656 749 1685 777 et
1717 743 1888 777 habendos
1925 754 1985 789 per
2013 754 2089 777 eum
2117 748 2150 778 et

281 804 445 849 quoslibet
472 816 550 839 suos
580 816 797 839 successores
826 816 866 839 eo
897 807 979 842 iure„
1014 816 1078 850 quo
1120 805 1226 838 dictos
1262 805 1377 838 laneos
1420 807 1451 838 iu
1482 804 1635 838 Ketschir
1663 804 1811 851 possedit
1852 809 1884 838 et
1912 807 2025 847 tenuit,
2055 804 2149 839 saluo

281 868 350 899 iure
379 865 542 899 fidelitatis
571 871 603 900 et
630 869 768 907 seruitii,
798 866 885 911 quod
914 866 1009 900 nobis
1039 870 1071 900 et
1099 865 1353 900 successoribus
1382 868 1515 900 nostris
1546 866 1676 911 quaudo
1706 870 1737 899 et
1766 868 1918 910 quotiens
1948 870 2147 911 oportunum

280 926 388 966 suerii,
419 927 458 960 de
486 927 612 961 eisdem
642 927 746 961 laneis
774 932 926 973 prompte
955 926 1121 961 tenebitur
1149 927 1322 963 exhibere.
1353 927 1458 960 lluius
1488 929 1588 971 igitur
1615 929 1866 972 permutationis
1895 931 1928 960 et
1956 930 2148 961 contractus

281 992 393 1025 testes,
424 991 476 1033 qui
505 988 655 1026 aderant„
685 993 773 1024 sunt.
817 988 983 1023 Heuricus
1025 988 1065 1021 dc
1094 988 1234 1025 mutim
1277 987 1450 1021 Johanues
1492 988 1532 1021 de
1562 986 1715 1033 Spiczca.
1758 987 1888 1021 Hechto
1924 987 1964 1020 de
1994 987 2147 1031 Rossicz,

279 1048 422 1082 Michael
466 1049 505 1082 de
535 1049 672 1089 Borow„
714 1049 857 1083 Mathias
900 1049 940 1083 de
970 1049 1205 1095 Hoczmplocffi
1248 1048 1443 1082 Waltherus
1486 1048 1525 1082 de
1555 1048 1693 1097 Fuhuiu.
1737 1048 1870 1081 Franco
1913 1048 1954 1082 de
1989 1047 2148 1092 Uhorina,

280 1109 394 1144 fideles
422 1113 523 1144 nostri
567 1115 599 1144 et
627 1110 770 1144 ecclesie
813 1115 925 1145 nostre
967 1115 999 1144 et
1027 1121 1124 1156 quam
1166 1110 1276 1156 plures
1312 1110 1365 1144 alii
1408 1110 1470 1143 lide
1500 1110 1602 1154 digni.
1646 1109 1683 1143 ln
1712 1111 1805 1144 cuius
1849 1112 1893 1142 rei
1924 1112 2148 1143 testimonium

279 1175 425 1204 nostrum
455 1176 487 1205 et
515 1171 590 1205 dicti
620 1171 751 1217 capituli
794 1174 898 1205 nostri
941 1171 1047 1216 sigilla
1090 1171 1299 1217 presentibus
1341 1176 1417 1206 suut
1458 1182 1618 1217 appensa.
1662 1170 1702 1204 Et
1730 1181 1791 1204 nos
1832 1170 1958 1204 Jenczo
1988 1170 2147 1214 decanus,

279 1230 388 1265 Sboro
418 1235 618 1278 prepositus,
646 1232 819 1266 Johauues
848 1232 1104 1266 archidiaconus
1133 1237 1166 1266 et
1194 1232 1371 1279 capitulum
1401 1232 1626 1266 Olomucense
1660 1231 1839 1277 supradicti
1875 1234 2038 1277 premisse
2066 1242 2150 1277 per—

281 1296 448 1328 mutationi
492 1298 637 1327 nostrmu
681 1293 888 1327 uniformiter
929 1293 1124 1328 adhibentes
1167 1304 1370 1327 consensum
1413 1293 1553 1338 sigillum
1596 1297 1745 1327 nostrmu
1789 1292 1830 1326 ad
1865 1295 1912 1326 rei
1953 1295 2149 1326 memoriam

245 1398 248 1402 1
279 1357 513 1400 sempiternam
544 1354 698 1389 duximus
727 1355 994 1401 appendendum.
1023 1355 1144 1389 Datum
1175 1358 1206 1388 in
1237 1354 1397 1388 Olomucz
1426 1354 1527 1388 Auno
1557 1353 1678 1388 domiui
1708 1353 1883 1387 Millesimo
1912 1355 2149 1387 trecentesimo

278 1418 439 1449 vicesimo
468 1418 585 1461 primo„
616 1415 681 1449 1X⁰
709 1416 878 1450 Kalendas
909 1415 1000 1461 Maij.

591 1487 643 1516 (Ex
669 1486 811 1521 Originali7
836 1488 911 1521 cujus
936 1487 1024 1521 sigilla
1051 1487 1158 1521 desunt,
1183 1487 1208 1513 in
1240 1486 1350 1513 archivo
1375 1486 1598 1521 archiepiscopali
1623 1485 1759 1512 Creiusirii
1791 1485 1879 1512 deser.
1906 1485 1938 1512 Α,
1963 1485 2097 1519 Boczek.)

1130 1582 1295 1616 CLXXX.

276 1647 465 1691 Jolemmes,
509 1660 574 1681 rea:
602 1648 788 1689 Boleerm'm
832 1650 967 1693 confert
1016 1648 1164 1684 Wolconz‘
1195 1648 1236 1682 de
1264 1648 1417 1682 Isi-awai·
1467 1648 1542 1682 Vll.
1579 1647 1698 1681 laneos
1741 1649 1772 1680 i'n
1811 1639 2038 1685 (T'elecltoicim
2068 1646 2147 1680 olim

549 1709 729 1743 Fritlerieo
758 1710 799 1743 tle
828 1709 975 1743 Linde-ia
1004 1709 1186 1755 obliyctlzis.
1217 1709 1277 1743 Dt.
1309 1709 1434 1754 Progne
1472 1709 1505 1744 Γ.
1537 1709 1617 1743 Idus
1646 1709 1736 1753 Majt'
1764 1707 1876 1742 1321.

449 1776 539 1831 Nos
568 1797 741 1831 iohannes
778 1797 830 1831 dei
859 1800 974 1842 gracia
1010 1792 1147 1831 Boemie
1185 1801 1217 1831 et
1245 1797 1381 1831 l'olouie
1420 1797 1504 1832 Rex.
1540 1796 1843 1839 Luci-iuburgeusis
1881 1796 2013 1836 Comes⁵
2050 1794 2148 1828 Mar-

278 1856 416 1902 chieque
444 1858 673 1893 Badisiueusis
702 1859 865 1893 domiuus.
896 1858 1017 1893 Notum
1050 1858 1190 1893 facimus
1218 1858 1462 1905 inspectoribus
1492 1860 1703 1904 presencium
1732 1859 1914 1899 vainei-sis,
1945 1855 2041 1897 Quod
2070 1866 2144 1889 cum

277 1918 414 1952 dilectus
442 1918 548 1953 fidelis
577 1924 691 1954 noster
719 1919 855 1954 Wocko
885 1920 925 1954 de
955 1920 1097 1955 Crawar
1125 1920 1218 1955 Boua
1248 1925 1359 1954 nostra
1391 1920 1612 1966 infrascripta.
1643 1930 1706 1963 que
1737 1918 1908 1952 Friderico
1937 1916 1978 1951 de
2006 1916 2145 1950 Linauia

278 1982 307 2013 in
339 1979 475 2013 Centum
518 1984 638 2014 mareis
679 1993 873 2022 grossorum
917 1981 1129 2015 denariorum
1171 1981 1392 2025 Prae-ensium
1435 1981 1596 2015 Ponderis
1639 1985 1667 2014 et
1706 1981 1833 2014 numeri
1861 1978 2022 2012 Morauici
2052 1982 2147 2011 erant

277 2041 421 2085 obligata
467 2041 621 2075 videlieet
663 2042 797 2088 Septem
839 2042 979 2078 Mausos
1022 2055 1083 2078 sev
1112 2043 1228 2077 laneos
1271 2043 1407 2077 invilla
1452 2041 1706 2076 (flzctectunvicz
1748 2043 1842 2077 sitos„
1886 2050 1987 2085 super
2028 2038 2147 2084 quibus

276 2102 406 2147 quidam
436 2105 537 2136 nostri
567 2101 679 2136 saiuuli
709 2103 866 2147 resident,
909 2109 942 2138 et
969 2103 1194 2138 Molendiuiuu
1238 2104 1357 2137 dictum
1388 2103 1604 2142 Chudowim
1648 2113 1721 2136 cum
1763 2112 1828 2134 vua
1875 2100 1969 2141 Rota,
2000 2103 2029 2133 iu
2060 2099 2146 2133 dicta

275 2163 353 2197 villa
384 2166 493 2201 situui„
524 2162 565 2196 ab
595 2163 711 2197 eodem
742 2164 913 2198 Friderico
944 2168 973 2199 iu
1017 2165 1111 2199 dictis
1148 2165 1285 2199 Centum
1322 2164 1446 2199 Marcis
1481 2165 1674 2199 exsoluerit.
1711 2162 1751 2196 de
1787 2166 1899 2195 nostro
1937 2160 2146 2207 beneplacito

276 2229 308 2258 et
336 2236 514 2259 consensu.
545 2224 615 2258 Nos
657 2226 876 2259 consideratis
918 2231 950 2259 et
978 2230 1125 2272 pensatis
1167 2228 1319 2271 seruicijs
1362 2226 1524 2261 fidelibus.
1568 2225 1662 2259 nohis
1704 2235 1764 2269 per
1793 2226 1899 2269 ipsum
1929 2221 2145 2256 wachonem

275 2285 440 2320 exhibitis.
473 2285 542 2319 Sibi
572 2290 747 2332 propterea
785 2298 883 2320 omne
911 2287 980 2321 Jus.
1025 2288 1111 2333 quod
1142 2288 1236 2322 uobis
1279 2290 1309 2321 iu
1340 2289 1618 2334 supranominatis
1664 2285 1762 2318 lionis
1806 2294 2017 2329 quocumque
2046 2282 2145 2317 modo

277 2348 328 2381 uel
355 2347 435 2381 Jure
465 2350 621 2393 conpetit,
653 2347 703 2380 uel
735 2352 837 2393 potest
869 2353 1060 2394 conpetere.
1092 2349 1270 2383 liberaliter
1292 2349 1507 2391 conserimus,
1530 2352 1560 2381 et
1584 2347 1745 2380 donamus
1771 2357 1829 2391 per
1851 2357 1925 2379 eum
1949 2350 1981 2379 et
2003 2343 2145 2379 heredes

275 2420 353 2443 snos
381 2408 475 2442 Boua
506 2408 651 2454 predicta
682 2408 881 2442 hereditario
903 2409 984 2443 dure
1006 2410 1220 2455 possidenda.
1244 2415 1404 2456 perpetuo
1427 2414 1459 2443 et.
1481 2408 1644 2442 habenda.
1672 2407 1707 2441 lu
1731 2410 1824 2441 euius
1847 2410 1893 2441 rei
1924 2408 2145 2441 testimouium

274 2475 448 2515 presentes
477 2470 588 2504 literas
617 2469 698 2507 fici-n
722 2475 755 2504 et
778 2469 968 2513 Sigillorum
991 2470 1175 2505 Maiestatis
1195 2475 1309 2506 nostre
1334 2473 1487 2505 iussimus
1509 2471 1716 2503 communiri.
1740 2468 1860 2502 Datum
1885 2468 1994 2512 Prage
2009 2466 2051 2501 V.
2068 2466 2144 2501 Idus

273 2530 364 2575 Maij.
397 2531 495 2565 Auno
525 2531 647 2565 domiui
670 2530 845 2565 Millesimo
870 2531 968 2565 (¹000
989 2534 1273 2579 vicesimoprimo,
1299 2533 1490 2577 Regnorum
1513 2542 1596 2565 vero
1620 2534 1805 2564 nostrorum
1830 2529 1930 2563 Anno
1952 2528 2142 2563 vndecimo.

586 2603 673 2636 (Oria.
699 2604 844 2630 membran.
876 2603 951 2637 cujus
981 2603 1070 2635 sigilla
1102 2604 1193 2629 axulsa
1228 2607 1306 2632 sunt,
1338 2603 1363 2630 in
1393 2601 1502 2628 archivo
1536 2601 1691 2627 monasterii
1724 2600 1933 2634 Lithonustens.
1965 2599 2033 2635 apud
2058 2599 2086 2626 C.
2113 2599 2141 2626 R.

693 2656 808 2683 (hibern.
835 2656 927 2682 Brutia·
952 2656 1000 2682 sub
1026 2656 1068 2682 ΧΓ.
1100 2654 1161 2686 13.)
