2325 2941
1192 131 1265 165 356

298 259 476 289 conaretur
503 254 652 292 forsitan.
682 255 710 288 is
738 257 896 297 nostram,
927 265 963 288 se
992 253 1262 299 indignacionem
1295 257 1445 300 grauiter
1476 258 1608 289 nouerit
1640 258 1860 291 incursurum.
1903 257 1938 292 In
1981 261 2076 292 cuius
2109 261 2159 292 rei

298 318 516 350 testimonium
545 319 719 360 presentes
747 314 859 348 literas
888 314 959 349 sieri
987 319 1019 349 et
1048 315 1156 359 sigillo
1184 319 1296 349 nostro
1326 318 1482 350 iussimus
1510 319 1718 350 connnnniri.
1748 316 1869 351 Datum
1887 318 2015 366 ‘Parme
2044 322 2076 353 in
2105 319 2159 353 die

299 377 383 411 beati
411 375 535 409 Mathei
563 375 717 421 Apostoli
745 380 775 409 et
804 375 1046 420 Ewangeliste.
1076 376 1177 409 Anno
1201 375 1323 410 domini
1342 376 1531 422 Millesimo,
1555 377 1818 421 Trecentesimo,
1839 378 2022 414 Tricesimo
2042 383 2156 414 tercio.

605 472 693 506 (Orig.
719 473 862 498 membran.
888 481 946 498 cum
971 472 1064 506 sigillo
1088 472 1192 507 majori,
1222 481 1254 499 ex
1279 476 1356 508 parte
1380 474 1455 508 laeso,
1479 474 1505 500 in
1531 473 1640 501 archivo
1665 474 1786 509 ejusdem
1810 474 1937 510 civitatis,
1961 476 1989 502 F.
2017 474 2041 503 1.
2065 485 2092 504 n.
2117 475 2157 509 3.)

1138 593 1315 629 CDLXVI.

292 672 469 707 Johwmes
498 673 694 713 Paduamts,
724 674 876 706 vicarius
902 672 1080 717 yeteerale‘s
1108 675 1265 718 episcopi
1292 674 1537 717 Olomueensz's.
1573 674 1700 708 decidit
1739 674 1831 708 litem
1860 676 1951 708 ‘inter
1974 674 2158 719 plebanum

292 734 332 767 [le
361 734 544 768 Pralzowi'e
573 738 606 768 el
635 735 877 767 monasterium
912 734 1181 769 ll'elelzt·(1dense
1209 736 1305 768 circa
1334 735 1497 769 decimam
1524 736 1696 769 mc’tmtam.
1726 735 1787 770 Dt.
1818 735 1946 770 Bremce
1975 735 2050 770 VII.
2077 736 2158 770 Idus

1070 795 1239 829 Octobris.
1271 795 1382 830 1333.

464 871 510 925 ln
552 894 684 924 nomine
720 891 842 925 domini
871 891 993 925 Amen.
1036 891 1106 926 Nos
1134 891 1306 926 Johannes
1335 892 1440 926 dietus
1468 892 1656 936 Paduanus,
1694 891 1883 927 Canonicus
1913 892 2156 936 olomucensis,

290 951 500 986 Venerabilis
536 955 567 986 in
604 952 734 986 Christo
767 955 869 998 patris
898 964 937 986 ac
966 952 1100 993 domini.
1131 953 1253 986 domini
1282 953 1454 999 Hyuconis
1482 953 1642 1000 Episcopi
1672 953 1903 988 Olomucensis
1939 953 2038 988 Curie
2068 953 2158 989 Offi-

289 1013 392 1055 cialis„
429 1018 460 1047 et
494 1017 525 1047 in
559 1012 792 1059 Spiritualibus
826 1016 973 1048 vicarius
1015 1014 1201 1059 generalis,
1244 1014 1534 1059 Recognoscimns
1576 1019 1691 1048 tenore
1726 1017 1937 1061 presencium
1977 1018 2156 1059 vninersis,

289 1074 386 1115 Quod
415 1074 606 1119 Religiosus
635 1078 687 1109 vir
714 1074 818 1108 frater
847 1074 1048 1120 Peregrinus
1076 1074 1270 1119 Monasterij
1301 1075 1462 1110 Lucensis
1491 1075 1809 1110 Premonstratensis
1838 1076 1974 1119 ordinis,
2013 1076 2157 1110 Olomn-

287 1139 399 1169 censis
429 1136 585 1181 dyocesis
614 1135 780 1169 Plehanus
813 1138 843 1169 in
879 1135 1089 1179 Prahowiez,
1128 1136 1275 1170 eiusdem
1305 1136 1463 1183 dyocesis
1493 1136 1654 1171 discretos
1690 1140 1782 1171 viros
1810 1136 1961 1171 Judicem
1990 1141 2022 1171 et.
2050 1136 2157 1172 Com—

288 1200 478 1230 munitatem
511 1197 586 1230 ville
615 1199 646 1230 in
674 1196 891 1230 Wutkowicz
921 1197 961 1230 ad
990 1202 1139 1232 nostram
1167 1201 1389 1244 presenciam7
1420 1209 1521 1244 super
1548 1200 1680 1232 minutis
1704 1198 1852 1241 decimis.
1883 1210 1964 1244 quas
1985 1198 2025 1232 ad
2048 1201 2154 1245 ipsum

287 1262 317 1291 et
353 1258 393 1291 ad
431 1257 618 1292 Ecclesiam
660 1269 753 1292 suam
790 1261 821 1292 in
851 1257 1059 1295 Prahowicz.
1100 1262 1234 1293 nomine
1263 1261 1366 1305 ipsius
1396 1260 1541 1293 ecclesie
1570 1262 1738 1305 pertinere
1768 1258 1910 1303 dicebat,
1940 1262 1971 1293 in
2001 1259 2155 1294 iudicium

286 1324 523 1365 procui-auerat
553 1322 699 1357 euocari.
730 1318 879 1365 Ipsisque
909 1318 1184 1365 Compar-entibus
1220 1320 1410 1365 Religiosns
1445 1323 1498 1354 vir
1526 1320 1630 1354 srater
1664 1320 1790 1363 Petrus.
1835 1319 2047 1355 Camerarius
2074 1320 2155 1355 Mo-

286 1381 420 1423 nasterij
452 1380 744 1425 Weleg-ratlensis,
782 1381 1013 1415 Cisterciensis
1044 1381 1181 1417 ordinis.
1225 1381 1373 1427 predicte
1404 1380 1637 1415 Olonmcensis
1667 1381 1836 1427 dyocesis,
1866 1380 1994 1416 habens
2023 1381 2063 1416 ad
2092 1381 2156 1416 hoc

285 1441 417 1487 plenum
446 1446 477 1474 et
507 1442 653 1487 speciale
683 1442 883 1481 mandatum.
926 1453 986 1488 pro
1017 1442 1110 1476 (lictis
1138 1442 1255 1476 Judice
1284 1447 1315 1476 et
1344 1441 1565 1479 Comunitate„
1608 1442 1654 1476 Se
1683 1445 1816 1476 nomine
1845 1442 2047 1477 venerabilis
2076 1445 2153 1486 viri,

285 1502 408 1536 domini
436 1502 609 1538 Friderici.
640 1502 782 1536 Abbatis
812 1507 843 1537 et
873 1503 1065 1538 Cmiuentus
1094 1503 1374 1549 &Velegradensis
1404 1503 1597 1548 Monasterij
1628 1504 1673 1537 liti
1703 1503 1874 1547 offerebat,
1909 1503 2036 1547 dicens,
2066 1504 2153 1550 quod

284 1563 401 1597 eadem
436 1563 564 1597 decima
608 1566 744 1597 racione
773 1564 1027 1609 l'riuilegiorum
1055 1564 1248 1609 Monasterij
1280 1564 1447 1607 antedicti,
1490 1576 1556 1598 non
1587 1564 1627 1598 ad
1657 1567 1762 1610 ipsum
1791 1564 1968 1610 plebanum
1997 1565 2038 1599 de
2066 1565 2153 1599 Pra-

284 1624 427 1665 howicz.
464 1625 522 1659 sed
557 1624 595 1659 ad
632 1624 902 1669 weh-gradense
937 1625 1175 1660 Monasterium
1213 1619 1403 1672 pertineret.
1442 1625 1514 1670 Itijs
1552 1628 1662 1671 itaque
1704 1625 1984 1660 altercacionibus
2020 1625 2150 1670 habitis,

284 1685 323 1718 ad
359 1685 633 1719 exhortacionem
675 1691 823 1720 nostram
860 1686 945 1720 dicte
980 1691 1103 1733 partes,
1146 1690 1356 1732 questionem
1398 1687 1578 1733 predictam
1621 1686 1801 1731 Religiosis
1837 1689 1937 1730 viris,
1980 1686 2148 1723 fratribus.

284 1746 484 1781 Gotschaleo
514 1746 656 1793 plebano
687 1747 837 1781 Eeclesie
867 1747 980 1782 Sancti
1008 1748 1138 1782 Nicolai
1168 1747 1385 1794 parrochialis
1414 1751 1446 1782 in
1476 1748 1640 1793 Znoyma,
1678 1752 1707 1781 et
1738 1747 1948 1782 Theoderico
1983 1747 2149 1782 Monacho

283 1807 554 1852 welegradensi.
592 1820 724 1842 necnon
755 1808 905 1843 discretis
935 1812 1027 1846 viris.
1070 1809 1253 1853 Magistris,
1295 1809 1392 1843 Petro
1422 1809 1462 1843 de
1498 1809 1631 1842 Brmma
1662 1813 1694 1843 et
1722 1808 1819 1843 l'ctro
1854 1808 1894 1843 de
1922 1808 2148 1843 VVokkenstat

281 1867 502 1914 Jnrisperitis.
540 1872 629 1903 iuxta
665 1869 839 1915 priuilegia
876 1870 983 1903 ordini
1025 1869 1237 1905 Cistereiensi
1285 1882 1460 1913 concessa,
1504 1873 1751 1913 commiserunt.
1792 1869 2009 1905 amicabiliter
2050 1869 2148 1903 deci-

282 1929 436 1963 dendam.
467 1930 528 1970 Qui
559 1942 671 1964 coram
701 1930 796 1964 nohis
824 1933 1000 1966 venientes
1028 1931 1257 1975 laudanerunt.
1287 1931 1536 1973 ordinanerunt,
1559 1934 1636 1965 etin
1654 1934 1783 1977 seriptis
1800 1932 2142 1977 pronuncciauerunt‚

282 1993 419 2024 racione
448 1991 697 2036 priuilegiorum
725 1992 947 2038 predictorum
977 1997 1137 2035 tenorem.
1167 1992 1353 2027 huiusmodi
1377 1992 1539 2026 decimam
1561 1992 1601 2026 ad
1621 1990 2148 2036 illonasteriumtVelegradense

281 2054 459 2097 pertinere.
491 2051 635 2085 l'lehano
665 2053 705 2086 (le
734 2053 951 2087 l'rachowicz
980 2058 1013 2088 et
1040 2053 1193 2087 Ecclesie
1223 2065 1282 2088 sne
1311 2058 1505 2099 perpetuum
1535 2053 1706 2087 silencinm
1730 2055 1937 2098 inponentes.
1968 2051 2146 2098 Expcnsas

282 2123 362 2146 nero
398 2112 552 2146 hincinde
588 2124 646 2158 per
682 2118 791 2159 partes
826 2115 992 2160 predictas
1028 2113 1145 2153 saetas.
1184 2119 1319 2161 propter
1363 2114 1483 2148 honum
1526 2117 1618 2160 pacis
1648 2118 1678 2148 ct
1707 2112 1885 2147 concordie
1918 2112 2145 2147 subducendo.

282 2173 502 2207 Addicientes
532 2176 677 2219 insuper.
708 2175 794 2219 quod
824 2187 901 2221 pars
930 2187 996 2209 non
1026 2188 1166 2210 seruans
1187 2175 1354 2209 arbitrium
1385 2187 1444 2210 sen
1480 2175 1624 2218 laudum7
1666 2176 1749 2220 parti
1779 2176 1925 2207 scruanti
1955 2174 2084 2218 decem,
2113 2179 2147 2208 et

281 2237 359 2280 ipsis
388 2234 520 2268 arbitris
549 2234 664 2268 decem
694 2235 827 2270 Mai-cas
855 2248 1051 2281 grossorum
1081 2237 1292 2271 denariorum
1323 2237 1552 2282 l'ragensiuni,
1582 2235 1743 2269 Morauiei
1771 2234 1929 2280 ponderis
1957 2239 1990 2269 et
2017 2238 2146 2269 numeri

281 2295 406 2340 absque
435 2295 706 2329 contradict-iuno
736 2297 879 2341 qualibet
908 2298 1040 2332 soluere
1069 2303 1231 2332 teneatur.
1275 2298 1387 2331 Laudo
1424 2300 1495 2332 sine
1524 2296 1658 2331 arbitrio
1689 2295 1843 2340 predictis
1873 2298 1904 2329 in
1934 2307 1995 2331 suo
2023 2295 2145 2331 robore

280 2356 454 2390 duraturis.
487 2356 528 2390 Vt
558 2361 665 2391 autem
696 2357 815 2391 dietum
846 2358 1014 2392 arbitrium
1043 2362 1114 2393 siue
1143 2359 1273 2393 landum
1304 2363 1496 2405 perpetuam
1518 2360 1627 2391 teneat
1650 2355 1848 2401 firmitatem,
1878 2357 1918 2391 ad
1942 2359 2146 2403 peticionem

280 2420 426 2462 parcium
456 2418 647 2461 earundem.
691 2418 854 2464 prosatum
884 2419 1052 2453 arbitrium
1083 2420 1317 2466 appi-ohannis,
1349 2425 1380 2453 et
1409 2420 1571 2465 presentis
1607 2420 1717 2463 scripti
1748 2421 1932 2463 patrocinio
1961 2418 2145 2453 confirma—

282 2489 362 2511 mus.
402 2478 435 2511 ln
473 2482 565 2512 euius
605 2482 651 2513 rei
690 2481 911 2513 testimouium
951 2480 1101 2522 Sigillum
1138 2481 1343 2515 (Jl'licialatns
1378 2479 1529 2514 Ecclesie
1559 2478 1791 2513 (tinnitu-ensis
1821 2490 1885 2523 quo
1915 2481 2034 2514 utimur
2060 2491 2144 2526 pre-

280 2538 428 2572 sentibus
457 2539 610 2574 duximus
640 2540 903 2586 appendemlum.
934 2541 1055 2574 Actum
1085 2547 1118 2575 et
1146 2542 1254 2575 datum
1286 2542 1397 2575 ltrnne.
1426 2543 1456 2573 in
1487 2539 1584 2572 domo
1621 2538 1838 2574 habitacionis
1874 2544 1998 2584 nostre,
2042 2540 2142 2575 Anno

281 2598 400 2632 domini
431 2599 604 2634 lllillesimo
647 2601 898 2635 'l'rcccntesimo
936 2601 1121 2635 'l'riccsimo
1165 2606 1278 2636 tercio.
1316 2602 1394 2635 Vll⁰
1430 2600 1505 2634 ldus
1541 2599 1706 2644 (lctohris⁷
1741 2600 1957 2635 Prescntihus
1991 2601 2141 2636 discretis
