2341 3005
1070 131 1143 165 159

1032 245 1179 280 CCXIII.

167 317 357 360 Jolzamees,
393 327 461 350 rex
496 316 683 359 Bohemioe.
720 316 877 351 concedit
908 316 1082 351 Conrado.
1118 318 1281 362 episcopo
1319 316 1550 361 Olomucensi,
1585 323 1623 353 ut
1657 321 1691 353 in
1725 319 1878 366 quolibet
1911 331 2048 354 suorum

168 379 380 424 oppidorum.
411 378 595 423 Saecz‘tan'a.
624 377 831 412 Mobelm‘ce.
865 378 1016 412 Crem-sir
1044 382 1079 412 et
1106 378 1265 424 Wys'lfom
1293 391 1391 413 unum
1413 379 1567 414 Judaeum
1597 380 1737 415 liberum
1760 381 1889 416 habere
1917 381 2048 416 caleat.

739 439 800 474 Dt.
831 440 958 485 Pruyae
993 440 1029 475 V.
1058 440 1140 474 Idus
1168 440 1333 486 Augusti.
1366 441 1477 476 1322.

342 491 433 546 Ros
461 510 634 545 Johannes
664 510 716 544 dei
745 513 852 555 gratia
882 510 1020 546 Boemie
1050 515 1081 545 et
1109 511 1247 546 Polonie
1276 523 1338 546 rex
1368 523 1408 546 ac
1431 511 1726 558 Lucenburgensis
1756 525 1870 548 comes
1900 513 1941 548 ad
1969 516 2050 548 uni-

170 584 344 607 uersorum
372 576 522 607 notitiam
550 572 762 619 presentibus
791 573 943 607 uolumus
972 575 1164 619 peruenire.
1196 572 1292 615 Quod
1321 585 1383 608 nos
1411 574 1615 608 uenerabilis
1641 574 1785 609 Conradi
1816 575 2050 610 Olomucensis

169 637 321 682 episcopi
349 637 508 681 principis
536 637 641 669 nostri
670 633 779 669 dilecti
807 638 924 669 merita
959 639 992 669 et
1026 634 1200 682 obsequia,
1237 634 1354 682 quibus
1389 640 1506 670 nostre
1542 636 1730 670 celsitudini
1758 640 1932 671 retroactis
1962 642 2052 672 tem—

169 696 306 744 poribus
335 708 372 731 se
401 695 562 740 exhibuit.
600 700 633 731 et
660 696 883 743 multipliciter
917 696 1038 731 studuit
1072 697 1285 744 complacere
1314 696 1504 743 diligentius
1540 698 1762 741 attendentes.
1802 698 1864 732 sibi
1900 703 1930 732 et
1966 698 2051 732 dicte

169 758 317 793 ecclesie
346 770 405 792 sue
435 757 651 793 Olomucensi
679 762 713 792 ut
742 761 774 792 in
803 762 946 805 quatuor
978 761 1047 793 suis
1075 758 1205 807 oppidis
1233 758 1390 794 uidelicet
1418 759 1607 803 Swittauia‚
1636 759 1817 805 lllogeltcz.
1848 760 1994 795 Cremsir
2022 765 2053 794 et

169 819 350 855 lVischow
378 823 411 854 in
440 831 556 854 corum
585 819 730 866 quolibet
758 831 860 854 unum
889 820 1031 855 iudaeum
1059 825 1092 856 et
1120 832 1139 855 a
1167 820 1341 855 iudeorum
1370 825 1403 855 et
1431 821 1570 856 aliorum
1606 821 1877 868 impetitionibus.
1916 834 1954 856 ac
1984 834 2053 856 ex-

170 881 357 916 actionibus
395 886 427 916 et
470 881 599 916 iudiciis
643 881 906 928 quibuscumque
943 881 1083 917 liberum
1124 887 1158 918 et
1193 882 1336 917 solutum
1379 882 1420 917 ad
1456 883 1600 918 eundem
1644 886 1839 930 episcopum
1881 887 1911 917 et
1953 886 2051 917 etiam

169 943 349 978 ecclesiam
378 946 473 978 suam'
503 942 761 978 olomucensem
790 944 965 978 solumodo
994 943 1173 979 habentem
1200 948 1389 991 respectum
1425 944 1552 980 babere
1581 949 1613 980 et
1652 949 1768 980 tenere
1805 944 1927 988 ualeat7
1967 956 2053 990 gra-

170 1007 286 1040 tiosius
327 1004 542 1039 concedimus
583 1005 794 1052 presentibus
834 1011 996 1053 perpetuo
1036 1006 1186 1041 ualituris
1221 1018 1303 1053 quas
1337 1009 1369 1042 in
1406 1010 1646 1054 premissorum
1683 1009 1907 1041 testimonium
1945 1006 2053 1051 sigillo

169 1071 285 1102 nostre
298 1067 485 1113 Majestatis
500 1069 655 1102 iussimus
671 1070 878 1102 communiri.
908 1067 1030 1104 Datum
1046 1068 1156 1114 Frage
1178 1080 1266 1104 anno
1290 1068 1413 1104 domini
1436 1069 1610 1104 millesimo
1627 1072 1864 1104 trecentesimo
1888 1070 2053 1114 uigesinio

169 1129 330 1166 secundo.
360 1129 402 1165 V.
432 1129 509 1165 Idus
537 1129 695 1174 Augusti.
725 1141 907 1175 regnorum
934 1141 1019 1164 vero
1048 1135 1236 1166 nostrorum
1266 1142 1355 1166 anno
1384 1130 1459 1165 XII.

484 1201 539 1235 (Ex
564 1201 701 1235 originali,
725 1210 795 1228 nunc
819 1201 844 1229 in
869 1202 979 1229 archivo
1004 1201 1228 1238 archiepiscopali
1253 1201 1389 1230 Cremsirii
1415 1205 1572 1237 asservato,
1597 1211 1656 1230 cum
1680 1201 1773 1237 sigillo
1799 1201 1919 1238 equestri
1943 1201 2053 1237 integro

587 1254 735 1291 descripsit
759 1255 792 1283 A.
818 1255 949 1289 Boczeklt.

1042 1341 1189 1377 CCXIV.

172 1414 321 1450 SezeJna
342 1415 384 1449 de
405 1414 601 1449 &westou-ie
631 1414 743 1448 cendit
773 1415 983 1448 monasterio
1007 1413 1216 1448 Chunicensz·
1234 1413 1283 1449 Il.
1307 1414 1428 1448 laneos
1450 1416 1483 1449 in
1504 1414 1729 1449 Derslfoaecicz
1753 1426 1814 1448 seu
1837 1413 2052 1458 Stetendorf.

578 1475 639 1510 Dt.
671 1477 702 1509 iu
724 1476 925 1511 'Hosti-(ulie
953 1475 1073 1510 XVII.
1104 1475 1252 1510 Kalend.
1283 1476 1499 1522 Septembris
1530 1476 1642 1511 1322.

346 1527 438 1582 Nos
468 1546 612 1580 Sezema
641 1546 681 1581 de
710 1546 929 1581 Jewisowicz
958 1546 1132 1592 Religioso
1167 1549 1242 1581 viro
1276 1546 1370 1583 fratri
1404 1547 1534 1582 Jacobo
1569 1550 1740 1595 preposito
1771 1546 1986 1582 Chunicensi.
2017 1557 2055 1580 ac

173 1608 282 1644 eidem
316 1620 376 1643 suo
410 1607 617 1644 Monasterio
654 1607 788 1643 Ordinis
825 1608 1145 1643 premonstratensis
1184 1607 1419 1644 Olomucensis
1455 1609 1614 1657 dyocesis
1650 1612 1683 1643 in
1718 1608 1798 1642 villa
1832 1607 2057 1643 Derskowicz

173 1673 246 1706 siue
275 1669 472 1705 Stetcndorf
497 1669 591 1704 Duos
619 1669 736 1704 lancos
764 1680 824 1717 pro
854 1673 1066 1717 septuaginta
1094 1669 1218 1706 Marcis
1250 1682 1448 1717 grossorum
1484 1671 1705 1717 Pragensium
1740 1669 1995 1705 Morauicalium
2017 1698 2023 1704 .
2049 1698 2055 1704 .

172 1732 385 1767 vendidimus
413 1731 473 1765 sub
504 1731 712 1766 Testimonio
741 1731 905 1766 Johannis
935 1732 975 1767 de
1003 1731 1173 1776 Mesiri02‚
1203 1731 1315 1768 fratris
1344 1736 1394 1767 sui
1424 1732 1554 1767 Thobie
1584 1732 1624 1766 de
1643 1731 1803 1775 Tassmv,
1834 1731 1997 1779 Stephani
2018 1731 2058 1766 dc

173 1793 360 1837 Pernsteim
390 1793 533 1828 Herardi
563 1793 603 1828 de
634 1792 805 1835 Cliunstat.
840 1793 983 1828 Jaroslai
1020 1793 1061 1828 de
1098 1793 1296 1841 Kmhnycz.
1326 1793 1494 1829 Waltheri
1529 1793 1570 1828 de
1604 1793 1833 1837 Mikulowicz‚
1864 1798 1897 1828 et
1926 1792 2057 1828 Otionis

173 1855 216 1891 de
242 1855 451 1892 Nasmericz.
481 1855 605 1890 Actum
634 1859 666 1890 et
695 1855 817 1890 Datum
846 1858 877 1890 in
900 1855 1097 1890 Hostradicz
1118 1856 1220 1890 Anno
1249 1855 1373 1890 domini
1394 1855 1571 1891 millesimo
1595 1855 1863 1899 Trecentesimo,
1893 1857 2057 1890 vicesimo

177 1917 340 1962 secundo.
371 1917 645 1965 decimoseptimo
675 1917 843 1952 Kalendas
875 1916 1096 1965 Septembris.

487 1988 576 2023 (oi-ig.
602 1989 747 2017 membran.
772 1997 829 2017 cum
855 1989 924 2017 vill.
948 1989 1059 2023 sigillis,
1084 1998 1098 2017 e
1123 1989 1219 2024 quibus
1243 1988 1288 2016 lv.
1313 1988 1346 2016 V.
1372 1991 1398 2016 et
1423 1988 1491 2016 vm.
1517 1988 1610 2016 avulsa
1632 1991 1705 2024 sunl,
1726 1987 1752 2016 in
1774 1988 1885 2017 archivo
1901 1988 2057 2015 monasterii

591 2042 720 2071 Lucensis
744 2041 814 2078 apud
840 2042 868 2070 C.
895 2042 924 2070 R.
950 2042 1066 2070 Gubern.
1092 2042 1186 2070 Brunae
1209 2042 1259 2070 sub
1283 2042 1323 2070 lit.
1349 2042 1380 2071 ti.
1403 2050 1429 2069 n.
1458 2041 1521 2077 19.)

1052 2137 1076 2172 C
1081 2137 1104 2172 C
1108 2137 1184 2173 XV.

175 2208 259 2253 Leo.
273 2208 537 2244 Commendator
545 2209 775 2256 prorz'ucialis
787 2211 936 2255 fratrum
949 2209 1086 2243 Ordinis
1102 2209 1291 2252 Teutonici,
1305 2213 1537 2255 protestatur,
1555 2209 1646 2257 quod
1652 2209 1842 2252 Jokannes,
1855 2209 2056 2254 prepositus

179 2270 466 2317 ll⁷yselzrade12sis
495 2273 623 2318 reqinoe
650 2270 868 2307 Elisabetleae
896 2273 1001 2306 cessit
1031 2271 1201 2317 capellam
1235 2270 1275 2306 S.
1305 2271 1473 2318 Procopii
1499 2273 1533 2306 in
1562 2272 1721 2318 Antiqua
1751 2271 1882 2307 Brutia.
1927 2270 2055 2304 Datum

717 2333 844 2379 Praqae
873 2332 938 2368 XI.
969 2333 1117 2368 Kalend.
1149 2332 1366 2378 Septembris
1396 2333 1508 2368 1322.

348 2383 440 2438 λος
467 2403 573 2439 frater
600 2403 670 2439 Leo
700 2403 925 2440 Comendator
952 2403 1172 2438 Prouincialis
1202 2415 1263 2450 per
1289 2403 1464 2439 Boemiam
1493 2408 1525 2439 et
1552 2403 1740 2440 Morauiam
1769 2402 1907 2438 fratrum
1937 2402 2059 2437 Cruci-

177 2464 325 2501 ferorum
354 2464 480 2500 ordinis
508 2465 625 2500 domus
654 2465 875 2501 Theotonice.
905 2469 937 2499 et
967 2465 1044 2500 Otto
1074 2465 1179 2500 dictus
1208 2465 1249 2501 de
1277 2464 1443 2513 Nymans,
1479 2465 1588 2502 Miles.
1623 2465 1728 2499 Jurati
1765 2468 1797 2500 in
1831 2464 1895 2509 hijs
1928 2467 2059 2512 scriptis

177 2526 374 2573 deponimus
403 2529 436 2561 in
466 2529 595 2561 animas
623 2532 768 2572 nostras,
798 2527 884 2574 quod
914 2526 1127 2574 presentibus
1156 2527 1253 2562 nobis
1282 2527 1323 2562 ad
1358 2527 1422 2562 hoc
1456 2528 1648 2574 specialiter
1680 2529 1810 2561 vocatis
1844 2530 1875 2560 ct
1904 2525 2058 2571 Rogatis.

173 2587 391 2624 Honorabilis
422 2590 474 2622 vir
502 2587 655 2623 dominus
683 2588 856 2624 Johanncs
885 2588 1184 2634 wissegradensis
1212 2588 1366 2624 Ecclesie
1394 2592 1594 2637 prepositus.
1625 2588 1750 2623 Rector
1779 2586 1913 2634 Capelle
1943 2586 2057 2621 Sancti

179 2649 333 2697 Procopij
364 2652 396 2684 in
424 2649 571 2696 Antiqua
600 2649 754 2695 Brunna,
791 2650 906 2686 inclite
936 2650 1087 2694 domine,
1123 2650 1267 2686 Domine
1301 2650 1471 2696 Elizabet‚
1508 2649 1614 2685 felicis
1648 2649 1898 2684 recordacionis
1927 2648 2060 2684 Domini
