2341 3005
1065 149 1137 185 241

164 268 297 302 laneum
330 270 364 302 in
398 266 668 302 Hainrichsdorff
699 277 786 306 cumv
816 268 906 301 omni
934 265 1016 300 Jure
1044 265 1133 313 quod
1167 264 1267 300 habui
1294 265 1404 301 Fratri
1431 266 1577 302 Johanni
1605 273 1637 303 et
1665 271 1733 303 suis
1766 271 1939 315 germanis
1967 269 2044 304 Ro-

159 329 279 377 'byssio
314 333 347 364 et
380 328 530 376 Philippo
567 340 628 376 pro
664 332 809 376 quinque
838 328 1044 373 Sexagenis.
1086 327 1129 362 Et
1156 327 1218 362 hec
1246 327 1404 363 vendicio
1432 328 1521 363 facta
1556 334 1607 364 est
1636 333 1668 365 in
1697 334 1873 377 presencia
1891 331 2043 366 *Domini

161 391 292 427 Nicolai
326 390 471 425 Abbatis
499 394 533 425 in
561 390 639 434 Zar,
669 395 702 425 et
736 401 852 425 coram
886 389 1033 424 Domino
1067 389 1216 425 Henrico
1245 389 1286 424 de
1314 389 1592 425 Leuchtenburch
1621 397 1652 426 et
1679 392 1824 427 Domino
1856 393 2042 440 Rohyssio.

161 455 218 499 qui
245 452 384 487 inferius
412 464 473 499 pro
502 451 641 487 testibus
669 451 876 486 locabuntur.
908 451 988 486 Ideo
1016 454 1172 486 nouerint
1198 451 1372 496 Vniversi‚
1408 452 1495 498 quod
1529 452 1600 487 Nos
1636 453 1802 489 Henricus
1832 454 1873 489 de
1905 454 2044 490 Leuch-

160 513 324 549 tenburch
352 518 384 549 in
413 517 647 549 remissionem
690 518 904 560 peccatorum
947 518 1149 557 nostrorum,
1189 518 1222 548 et
1257 513 1447 560 specialiter
1474 514 1754 560 predecessorum
1782 521 1972 551 nostrorum
2001 517 2042 552 ob

161 581 364 623 respectum.
394 575 552 622 quidquid
580 578 614 610 in
642 576 799 622 predictis
833 575 941 609 laneis
978 574 1152 609 habuimus
1187 574 1289 619 Juris.
1332 575 1534 610 hereditarie
1567 580 1804 623 possessionise
1846 577 2041 625 Monasterij

160 637 378 685 prouidentes
412 637 544 672 utilitati
576 637 761 671 officiorum
795 636 858 671 hoc
891 636 1095 671 conferimus
1135 640 1245 671 animo
1288 636 1471 672 deliberato
1511 638 1663 673 custodie
1704 641 1738 673 in
1776 639 1841 673 Sar
1881 645 2043 687 perpetuo

160 699 412 746 possidendum.
442 701 497 745 qui
524 698 645 746 prefati
672 698 794 733 fratres
822 703 1033 745 prenotatum
1063 698 1202 733 alterum
1231 698 1399 733 dimidium
1427 699 1562 734 laneum
1591 703 1623 734 in
1653 699 1836 735 subsidium
1870 702 2043 748 prehabite

160 761 312 796 custodie
347 760 503 795 uidelicet
543 760 704 795 luminum
737 765 905 796 emerunt.
941 763 1051 806 inagis
1090 761 1237 795 inclinati
1278 760 1400 795 fuimus
1442 761 1627 797 eorundem
1669 762 1892 797 donacionem
1928 768 2042 798 nostra

160 822 347 858 donacione
382 822 520 857 liberius
549 821 760 856 confirmare.
804 821 968 856 Volumus
997 825 1097 857 etiam
1126 827 1159 856 ut
1187 822 1334 857 redditus
1362 826 1530 869 pretaxati
1564 823 1700 858 alterius
1730 824 1853 870 dimidij
1882 825 1970 859 lanei
1999 825 2041 860 ob

159 888 350 931 respectum
378 887 483 918 nostri
511 882 638 918 fauoris
668 895 685 918 a
714 883 803 918 nullo
833 883 953 918 abbate
995 887 1028 918 in
1063 888 1259 930 perpetuum
1302 888 1335 919 in
1373 884 1497 919 nullum
1526 896 1634 929 usum.
1669 890 1783 932 preter
1810 889 1843 920 in
1872 887 2042 933 sepedicte

159 945 309 980 custodie
342 937 525 991 redigatur.
563 945 682 979 Testes
718 949 793 979 sunt
827 945 990 980 Dominus
1031 945 1192 981 Nicotaus
1240 945 1357 981 Abbas
1399 949 1431 980 in
1468 946 1543 991 Sar‚
1580 946 1743 982 Dominus
1778 947 1980 995 RobyssiuS.
2011 953 2041 983 et

157 1007 323 1042 Dominus
360 1007 530 1054 Philippus
573 1006 613 1041 de
647 1006 835 1053 Perusteyn
878 1012 910 1041 et
943 1010 1046 1042 ceteri
1079 1007 1143 1042 fide
1181 1008 1282 1053 digni.
1327 1008 1363 1042 In
1399 1008 1497 1053 hujus
1526 1011 1575 1043 rei
1610 1012 1835 1043 testimonium
1865 1015 2041 1057 presentes

158 1073 347 1104 nostrorum
381 1069 565 1115 sigillorum
606 1071 789 1103 munimine
822 1068 1031 1104 roboramus.
1067 1069 1189 1104 Datum
1225 1073 1257 1104 in
1294 1069 1359 1104 Sar
1393 1070 1496 1104 Anno
1537 1070 1672 1105 Domini
1709 1070 2038 1106 MQCCCOXXVIO.

158 1129 308 1178 Septimo
335 1130 413 1166 Idus
441 1129 564 1176 Martij.

473 1211 635 1244 [Excussum
661 1211 731 1246 apud
756 1210 902 1237 Steinbach
927 1211 958 1238 11.
983 1220 1008 1246 p.
1035 1211 1084 1239 57.
1111 1220 1135 1238 n.
1161 1211 1296 1247 xxxix.)

1007 1324 1185 1360 CCCXIII.

160 1396 351 1441 Conradus,
381 1397 562 1442 episcopus
582 1395 828 1440 Olomucensis,
858 1398 981 1442 erriqt't
1009 1397 1191 1431 ecclesiam
1212 1397 1517 1432 Danebofrz'ceusem
1548 1399 1579 1432 in
1605 1398 1880 1444 parrochialem.
1912 1398 2039 1433 Datum

727 1460 758 1493 iu
788 1459 943 1493 ⁴lIodri'cs
973 1458 1056 1493 [1⁷0.
1086 1459 1207 1493 Nonas
1235 1459 1333 1494 Jam‘i
1360 1459 1472 1494 1326.

330 1535 422 1590 Ros
451 1555 625 1590 Conradus
654 1555 706 1590 dei
735 1559 851 1601 gracia
880 1555 1066 1603 Episcopus
1096 1556 1342 1601 (hommensis.
1372 1556 1494 1592 Notum
1515 1557 1659 1592 facimus
1680 1560 1849 1593 miuersis
1864 1562 2040 1605 presentes

156 1617 270 1652 literas
299 1618 511 1664 inspecturis,
541 1617 628 1663 quod
657 1629 718 1651 nos
747 1617 944 1663 diligencius
979 1618 1205 1662 aduertentes,
1243 1618 1394 1653 homines
1428 1622 1500 1653 siue
1534 1620 1711 1665 inquilinos
1744 1620 1933 1654 medietatis
1961 1620 2040 1654 ville

156 1681 190 1713 in
218 1678 419 1713 Tumbaricz
448 1690 563 1713 eorum
593 1678 837 1725 parrochialem
867 1679 1048 1714 ecclesiam
1077 1683 1109 1714 in
1137 1679 1349 1724 Aratschicz.
1379 1685 1515 1727 propter
1543 1692 1659 1715 eorum
1688 1680 1729 1715 ab
1759 1681 1878 1716 eadem
1907 1680 2040 1715 distan-

156 1743 254 1784 ciam‚
298 1745 331 1775 et
358 1751 535 1775 accessum
571 1740 610 1775 ad
644 1743 763 1787 ipsam,
800 1741 993 1787 specialiter
1029 1744 1138 1788 yemis
1172 1746 1322 1788 tempore
1351 1742 1529 1787 difficilem,
1564 1753 1623 1789 pro
1653 1742 1826 1777 audiendis
1856 1743 1977 1777 diuinis
2007 1748 2038 1778 et

155 1801 359 1849 recipiendis
401 1805 621 1837 sacramentis
663 1802 915 1847 ecclesiasticis.
959 1814 1025 1837 non
1060 1814 1174 1850 posse,
1217 1808 1313 1850 prout
1350 1815 1465 1838 eorum
1507 1803 1603 1838 saluti
1645 1809 1847 1850 congrueret
1884 1807 2035 1839 visitare.

157 1866 344 1898 animarum
386 1864 544 1910 pericula.
582 1875 646 1910 que
681 1863 806 1898 exinde
843 1867 1042 1909 contingere
1076 1869 1231 1911 possent.
1275 1876 1319 1899 ex
1355 1864 1466 1899 debito
1501 1868 1606 1899 nostri
1639 1865 1752 1911 officij.
1790 1865 2038 1901 deliberacione

156 1925 296 1972 prouida
335 1937 523 1973 precauere
563 1926 734 1960 volentes.
778 1925 962 1960 accedente
1003 1926 1044 1960 ad
1087 1926 1150 1961 hoc
1189 1926 1424 1961 nichilominus
1467 1931 1698 1973 patronorum,
1743 1932 1775 1962 et
1821 1927 2039 1974 plebanorum

156 1986 341 2022 earundem
368 1990 401 2022 in
430 1986 630 2022 Aratschicz
659 1992 691 2021 et
720 1990 751 2022 in
782 1987 982 2022 Tumbaricz
1011 1988 1229 2022 ecclesiarum
1271 1988 1444 2022 voluntate
1473 1993 1504 2023 et
1533 2000 1714 2033 consensu.
1745 1989 1854 2023 taliter
1883 1989 2039 2024 duximus

156 2048 391 2093 ordinandum,
421 2049 509 2095 quod
538 2048 691 2083 homines
720 2049 868 2095 predicte
885 2049 1072 2083 medietatis
1100 2049 1178 2084 ville
1207 2052 1240 2083 in
1269 2049 1469 2084 'I'umbaricz
1498 2050 1677 2085 ecclesiam
1711 2050 1834 2085 ibidem
1868 2053 1900 2085 in
1931 2051 2039 2085 Tum-

157 2110 283 2154 baricz.
324 2111 428 2145 veluti
465 2122 559 2145 suain
595 2110 839 2158 parrochialem
877 2122 936 2157 pro
965 2110 1139 2145 audiendis
1168 2111 1298 2145 diuinis.
1329 2116 1360 2146 et
1389 2112 1613 2158 percipiendis
1645 2112 1886 2147 ecclesiasticis
1916 2124 2039 2147 sacra-

158 2174 277 2207 mentis
312 2171 353 2206 de
385 2177 500 2207 cetero
541 2172 707 2207 accedere
749 2177 781 2207 et
819 2175 940 2207 rectori
981 2172 1130 2207 eiusdem
1173 2172 1335 2217 ecclesie.
1373 2176 1426 2220 qui
1461 2184 1521 2220 pro
1556 2177 1707 2221 tempore
1741 2174 1855 2209 fuerit.
1903 2178 1969 2208 tam
2005 2177 2037 2208 in

156 2232 402 2280 personalibus,
432 2244 532 2280 quam
559 2233 764 2282 predialibus
794 2234 931 2268 decimis
961 2234 1168 2279 integraliter
1196 2233 1341 2269 debeant
1368 2235 1587 2282 respondere,
1618 2240 1649 2270 et
1679 2236 1718 2270 ad
1749 2239 1867 2282 ipsum.
1910 2239 1941 2269 et
1970 2246 2035 2269 non

156 2294 198 2329 ad
226 2294 405 2341 plebanum
441 2295 535 2332 dicte,
565 2296 712 2330 ecclesie
748 2299 780 2330 in
808 2295 1020 2330 Aratschicz.
1065 2299 1096 2330 in
1127 2295 1280 2330 omnibus
1309 2295 1434 2331 habere
1469 2301 1671 2344 respectum.
1714 2302 1749 2331 vt
1779 2301 1887 2330 autem
1917 2296 2035 2331 eadem

156 2355 300 2391 ecclesia
336 2358 369 2390 in
406 2356 606 2391 Aratschicz
640 2362 673 2392 et
701 2360 815 2404 ipsius.
854 2360 908 2402 qui
942 2368 1002 2403 pro
1033 2361 1182 2404 tempore
1211 2356 1331 2392 suerint
1367 2362 1516 2393 rectores
1545 2359 1683 2393 decimis
1712 2363 1742 2392 ct
1772 2357 2036 2392 obucncionibus

157 2417 230 2463 alijs
259 2417 300 2452 ab
330 2417 519 2452 hominihus
548 2418 699 2465 predicte
729 2419 914 2453 medietatis
944 2418 1021 2452 ville
1050 2418 1212 2453 hactenus
1240 2422 1419 2466 perceptis.
1456 2423 1489 2454 in
1517 2425 1688 2467 posterum
1731 2430 1798 2454 non
1827 2419 2033 2453 fraudentur.

155 2479 214 2514 sed
242 2482 360 2526 pocius
397 2490 457 2526 pro
491 2479 618 2514 eisdem
654 2492 897 2527 reconpensam
934 2479 1079 2514 debitam
1113 2485 1375 2526 consequantur.
1411 2481 1633 2516 decernimus.
1664 2484 1849 2517 statuimus.
1879 2485 1911 2515 et
1940 2480 2036 2515 ordi-

156 2551 287 2575 namus.
326 2545 361 2575 vt
396 2540 558 2587 plebanus
601 2541 686 2577 dicte
721 2543 867 2577 ecclesie
910 2544 940 2575 in
977 2541 1190 2576 Tumbaricz.
1221 2545 1274 2588 qui
1304 2554 1391 2577 nunc
1420 2548 1481 2587 est,
1512 2547 1543 2577 et
1572 2546 1620 2577 sui
1651 2542 1787 2588 quilibet
1815 2553 2035 2576 successores

155 2601 299 2649 plebano
337 2602 484 2649 predicte
523 2603 668 2638 ecclesie
704 2607 737 2638 in
772 2603 983 2647 Aratschicz.
1027 2606 1081 2648 qui
1123 2615 1211 2638 nunc
1244 2609 1304 2649 esi.
1343 2609 1375 2639 et
1412 2608 1466 2650 qui
1502 2615 1562 2651 pro
1599 2609 1748 2650 tempore
1782 2603 1894 2638 suerit.
1931 2615 2035 2638 vnum

155 2664 296 2709 siliginis
325 2669 356 2698 et
386 2676 487 2699 vnum
517 2667 612 2699 tritici
641 2669 673 2699 et
703 2670 769 2701 tres
799 2678 907 2700 auene
937 2665 1064 2700 modios
1094 2676 1183 2700 anno
1212 2666 1359 2712 quolibet
1386 2670 1417 2701 in
1447 2666 1500 2701 die
1528 2668 1635 2701 sancti
1663 2664 1796 2700 Martini
1826 2666 2034 2711 integraliter

1782 2725 1817 2756 ΣΗ
