2357 3021
1061 165 1108 199 65

143 285 248 329 ipsius
277 281 528 317 Cremsiriensis
556 280 710 316 Ecclesie
739 280 858 315 decani
886 280 984 315 nobis
1011 285 1204 324 vacantem.
1235 281 1381 316 discreto
1414 285 1488 317 viro
1525 283 1737 319 Theoderico
1770 284 1836 320 filio
1869 286 2027 321 Moraw-

142 346 270 387 czonis‚
300 343 454 378 familiari
482 348 609 386 nostro,
639 353 775 378 suorum
804 345 998 377 meritorum
1027 343 1318 390 contemplacione
1348 344 1561 380 contulimus.
1591 345 1720 392 sibique
1749 347 1955 394 prouidimus
1985 349 2025 383 de

142 405 262 440 eodem
304 405 413 439 taliter
455 405 543 452 quod
585 404 816 439 Theodoricus
845 407 928 451 ipse,
972 408 1027 451 qui
1055 416 1144 439 nunc
1187 409 1239 440 est
1280 416 1324 439 ex
1352 410 1480 445 nostra.
1516 410 1551 440 vt
1580 410 1787 453 premittitur.
1831 413 2025 456 prouisione

143 467 304 505 decanus.
340 471 373 501 et
407 477 538 505 omnes.
573 469 627 513 qui
665 469 737 500 eius
773 469 806 500 in
843 466 1007 501 decanatu
1043 470 1116 513 ipso
1152 467 1276 501 fuerint
1309 479 1542 504 successores,
1580 468 1777 504 decanatum
1814 474 1920 518 ipsum
1950 483 2025 507 cum

103 528 308 563 ·.Ecclesia.
338 533 372 563 et
398 528 587 564 Ecclesiam
616 539 690 563 cuni
719 528 883 562 decanatu
914 541 981 563 non
1011 533 1179 575 tamquam
1208 529 1272 563 duo
1303 529 1436 563 diuersa
1466 529 1644 566 beneficia.
1673 531 1730 565 sed
1756 544 1856 567 vnum
1887 538 2024 570 tantum.

141 594 240 637 prout
266 590 452 637 predictum
481 595 543 626 est.
573 589 756 624 decanatus
786 590 979 625 censebitur
1008 595 1124 625 tenere
1154 590 1298 625 debeant
1326 595 1359 625 et
1387 590 1524 629 habere.
1555 592 1775 627 Prouidentes
1801 596 1917 629 taliter.
1937 596 2024 642 quod

142 652 327 687 decanatus
356 655 428 699 ipse
456 656 490 687 et
523 652 612 686 salus
648 651 805 695 fidelium.
843 652 961 698 quibus
997 657 1133 699 presunt
1170 652 1288 687 debitis
1324 664 1392 687 non
1428 653 1624 688 fraudentur
1657 654 1827 701 obsequijs
1863 662 1894 691 et
1931 670 2024 693 cura.

141 725 206 760 que
235 713 413 748 decanatui
440 716 503 760 ipsi
534 716 667 748 minime
688 713 878 747 nullatenus
908 714 1110 759 negligatur.
1140 714 1182 748 Et
1203 714 1291 760 quod
1315 714 1529 762 Episcopalia
1559 721 1590 750 et
1612 716 1908 753 Archidiaeonalia
1930 720 2023 761 Jura.

141 787 275 812 necnon
305 776 368 810 alia
397 774 630 810 incumbencia
660 786 776 811 onera.
807 775 848 809 ad
877 787 1017 821 quorum
1045 776 1255 810 solucionem
1284 777 1434 823 predicta
1464 777 1618 812 Ecclesia
1649 779 1774 813 Sancte
1809 779 1916 815 Mai-ie
1945 787 2024 816 ante

140 839 305 884 presentis
334 841 409 871 erat
435 840 571 872 vnionis
600 840 878 871 constitucionem
908 840 1042 872 astr1cta
1072 849 1132 884 per
1159 841 1266 884 ipsum
1290 838 1317 872 T
1321 838 1539 873 lieodoricum
1563 840 1729 875 decanum
1752 846 1785 875 et
1806 853 2023 878 successores

141 910 220 934 suos
249 902 322 933 sine
351 898 625 933 contradiccione
655 898 763 945 aliqua
794 899 1039 945 persoluantur.
1069 899 1111 934 Et.
1139 911 1182 934 ne
1211 899 1273 934 hec
1302 905 1417 935 nostra
1447 905 1512 935 tani
1542 901 1685 937 salubris
1715 907 1747 937 et
1769 904 1909 950 prouida
1939 917 2023 951 pre-

141 961 217 995 dicti
247 960 433 995 decanatus
474 960 660 996 subuencio
703 961 843 995 alicuius
884 964 991 1008 possit
1031 964 1063 995 in
1099 966 1268 1008 posterum
1310 962 1518 1008 malignitate
1562 963 1673 998 diuelli
1715 965 1756 999 de
1798 966 2024 1012 predictorum

139 1022 272 1066 decani.
301 1025 474 1069 prepositi,
504 1027 537 1057 et
566 1021 805 1060 archidiaconi.
836 1034 970 1057 necnon
1001 1022 1236 1059 Olomucensis
1267 1023 1408 1071 Capituli
1444 1026 1587 1059 consilio
1624 1031 1655 1060 et
1685 1038 1838 1071 assensu.
1875 1028 2024 1075 predicta

138 1087 250 1119 omnia
279 1089 345 1119 tam
375 1084 415 1118 de
443 1087 582 1121 mione.
611 1089 645 1119 et
671 1088 806 1119 vniouis
835 1088 939 1132 ipsius
967 1088 1225 1124 constitucione.
1263 1097 1361 1133 quam
1397 1087 1438 1121 de
1466 1091 1662 1134 prouisione
1700 1088 1883 1124 decanatus
1918 1093 2021 1137 ipsius

138 1146 289 1193 predicto
320 1145 534 1181 Theodorico
563 1158 624 1193 per
651 1157 713 1181 nos
742 1146 830 1181 facta
859 1151 935 1194 post
962 1152 1154 1194 susceptum
1189 1151 1466 1184 consecracismis
1502 1154 1615 1184 nostre
1652 1162 1771 1186 munus
1805 1157 2023 1197 renouantes‚

137 1212 171 1242 et
197 1219 243 1242 ex
271 1212 363 1242 certa
392 1213 508 1243 nostra
537 1211 685 1243 sciencia
715 1208 963 1246 confirmantes.
993 1208 1031 1243 In
1060 1221 1178 1244 omnes
1207 1214 1240 1244 et
1268 1211 1431 1256 singulos.
1456 1214 1509 1257 qui
1539 1217 1656 1246 contra
1681 1216 1854 1248 vnionem.
1880 1214 2025 1249 ordina-

137 1273 283 1313 cionem,
313 1273 604 1309 constitucionem,
634 1270 943 1315 confirmacionem.
974 1271 1195 1306 collacionem
1224 1277 1257 1306 et
1284 1275 1514 1319 prouisionem
1551 1279 1684 1309 nostras
1722 1276 1902 1321 predictas.
1934 1288 2024 1322 quo—

136 1317 245 1367 minus
274 1334 307 1366 in
337 1343 398 1367 sua
426 1331 582 1367 firmitate
608 1337 842 1379 permaneant.
872 1332 979 1367 verbo
1009 1333 1065 1368 vel
1093 1332 1194 1377 sacto,
1225 1335 1380 1378 consilio,
1411 1336 1536 1369 auxilio
1566 1336 1620 1370 uel
1649 1336 1780 1381 fauore,
1810 1338 1942 1384 publice
1970 1338 2023 1373 uel

136 1394 267 1428 occulte
296 1397 559 1441 presumpserint
587 1399 797 1441 attemptare.
826 1394 1204 1430 Excominunicacionis
1234 1400 1443 1431 sentenciam
1473 1398 1669 1443 protulimus
1698 1403 1731 1433 et
1759 1400 1960 1446 proferimus
1990 1404 2023 1435 in

138 1455 200 1501 hijs
229 1458 372 1502 scriptis.
403 1455 440 1490 In
462 1459 558 1491 cuius
579 1459 628 1490 rei
650 1461 683 1491 et
703 1457 929 1503 predictorum
953 1457 1085 1494 decani.
1108 1461 1281 1504 prepositi.
1306 1463 1338 1493 et
1360 1459 1600 1495 archidiaconi.
1627 1472 1760 1495 necnon
1786 1461 2022 1497 Olomucensis

136 1517 276 1564 Capituli
306 1517 441 1551 adhibiti
471 1517 512 1552 ad
540 1518 689 1565 predicta
718 1504 905 1553 consensus
935 1522 1159 1553 testiinonium
1189 1525 1381 1566 presentem
1412 1521 1560 1567 predicte
1596 1526 1742 1557 vnionis.
1780 1524 2021 1564 ordinacionis.

135 1581 402 1623 constitucionis.
445 1582 692 1621 innouacionis.
735 1580 1006 1616 confirmacionis
1053 1586 1086 1616 et
1127 1585 1300 1617 sentencie
1346 1587 1461 1618 nostre
1503 1584 1645 1618 litteram
1695 1588 1799 1619 nostri
1843 1591 1875 1619 et
1918 1588 2022 1632 ipsius

135 1640 370 1676 Olomucensis
411 1640 566 1675 Ecclesie
608 1642 747 1688 Capituli
790 1642 986 1688 Sigillorum
1027 1643 1169 1678 fecimus
1199 1647 1382 1679 munimine
1425 1645 1588 1680 roborari.
1632 1645 1753 1681 Datum
1784 1650 1816 1680 in
1847 1645 2020 1692 Oloniucz,

133 1703 235 1737 Anno
265 1702 389 1737 domini
418 1702 658 1737 M⁰CCC·‘·XV0
686 1703 745 1737 lx.
775 1704 848 1739 Kal.
879 1705 1016 1752 Aprilis.

447 1784 481 1817 (Ε
508 1784 659 1818 fragmento
685 1784 796 1819 copiarii
821 1794 883 1812 saec.
909 1785 967 1812 XV.
993 1786 1109 1813 initiant.
1141 1786 1211 1813 inter
1245 1787 1366 1813 analecta
1394 1787 1456 1814 Ant.
1491 1788 1597 1814 Boezek
1629 1788 1654 1815 iu
1680 1788 1791 1816 archivo
1817 1790 2020 1816 marchionatus

551 1837 677 1864 Mor-axia·
702 1837 751 1863 sub
777 1838 820 1864 ΧΓ.
847 1837 955 1870 2689.)

1022 1953 1126 1987 XCII.

129 2027 321 2065 Jokamees.
353 2039 419 2061 reat
449 2027 634 2070 Boleetm'w.
662 2029 833 2072 permitti!
866 2028 1026 2063 Conrado
1056 2029 1097 2062 de
1126 2029 1268 2074 Lape'de.
1299 2030 1430 2065 Lusom‘
1458 2031 1499 2065 de
1529 2031 1657 2066 Pulcra
1688 2032 1806 2067 Monte
1835 2037 1869 2067 el
1899 2046 2016 2068 eorum

286 2088 544 2124 eomultoribus
574 2091 605 2123 ae'ie
635 2090 792 2135 Antiqua
822 2090 940 2124 Monte
970 2092 1072 2124 infla
1101 2090 1271 2136 Jylariam
1300 2093 1421 2126 eadem
1449 2097 1614 2128 montana
1643 2096 1857 2130 iustam-are.

655 2151 716 2185 Dt.
747 2151 874 2197 Pro-(sce
904 2152 966 2187 lif.
997 2153 1178 2187 Kalendas
1206 2154 1344 2199 Aprilis
1376 2154 1487 2189 1315.

305 2237 396 2293 Nos
431 2257 618 2293 Jobanncs.
656 2258 717 2292 Dei
753 2261 869 2299 gracia
908 2258 1046 2293 Boemie
1089 2264 1121 2293 et
1157 2259 1294 2294 Polonie
1337 2260 1425 2298 Rex.
1461 2274 1501 2296 ac
1538 2262 1844 2309 Lucemburgensis
1881 2265 2015 2301 Comes.

129 2318 286 2354 omnibus
327 2324 360 2354 et
387 2321 539 2365 singulis.
583 2320 702 2366 quibus
731 2325 905 2367 presentes
947 2321 1095 2356 exhibite
1139 2322 1260 2356 suerint
1288 2323 1444 2358 volumus
1487 2336 1564 2360 esse
1607 2329 1721 2359 notum
1765 2325 1860 2367 Quod
1900 2326 2015 2360 fideles

128 2383 234 2416 nostri
264 2380 373 2415 dilecti
404 2381 602 2417 Cliunradus
632 2382 672 2417 de
701 2382 837 2429 Lapide.
868 2382 957 2417 Luso
987 2382 1028 2417 de
1056 2383 1176 2418 l‘ulcro
1205 2383 1331 2419 Monte.
1356 2385 1534 2432 Ceterique
1563 2387 1757 2421 eorumdem
1781 2387 2013 2431 Concultores7

129 2445 161 2476 in
191 2445 328 2489 antiquo
356 2442 470 2478 Monte
500 2449 613 2478 nostro
644 2447 733 2479 iuxta
757 2445 932 2489 lglauiam.
957 2444 1073 2479 eadem
1097 2445 1257 2480 Montana
1288 2452 1414 2482 nostra.
1438 2451 1572 2491 magnis
1595 2448 1744 2482 laborum
1768 2449 2014 2484 vexat-ionibus

129 2516 168 2538 ac
197 2515 424 2551 expensarum
455 2506 651 2552 sumptibus.
682 2507 721 2540 ad
752 2507 885 2553 plenum
915 2509 1115 2543 instaurare.
1147 2519 1208 2542 nec
1238 2508 1376 2548 eisdem.
1407 2514 1473 2543 tuni
1503 2515 1639 2557 propter
1654 2513 1825 2557 copiosam
1850 2513 1882 2543 in
1905 2510 2014 2545 foueis

129 2577 289 2611 aquarum
319 2564 545 2611 affluenciam.
576 2572 642 2602 tum
672 2573 807 2615 propter
822 2568 961 2603 crebros
978 2568 1129 2603 defectus
1161 2580 1322 2615 aquarum
1352 2583 1451 2618 supra
1475 2576 1566 2606 rotas
1595 2572 1787 2606 decurrere.
1812 2583 1851 2605 ac
1875 2572 2010 2606 easdem

128 2627 268 2662 voluere
312 2627 522 2663 debencium.
566 2630 742 2675 preualere
785 2642 857 2665 non‘
892 2630 1057 2674 valentes.
1102 2631 1285 2666 Hem-icum
1328 2632 1535 2671 Rothermcl.
1579 2646 1639 2680 pro
1668 2634 1882 2678 requirendo.
1913 2645 2015 2681 super

128 2687 316 2734 hujusmodi
347 2689 447 2733 sacto.
485 2691 638 2725 consilio.
682 2697 903 2737 vocam-runt„
947 2692 1076 2739 sibique
1106 2704 1221 2727 eorum
1265 2694 1417 2730 desectus
1446 2696 1598 2741 singulos
1627 2695 1871 2742 propmiebant.
1917 2697 2010 2738 Quos

1783 2756 1801 2786 9
