2341 3005
1018 182 1090 217 225

130 297 315 344 placitoque
343 301 374 332 et
402 308 569 333 consensu
597 297 745 332 eiusdem
774 296 907 331 illustris
936 297 1058 331 domini
1086 296 1246 331 Jobannis
1276 297 1380 342 Regis
1403 298 1603 334 conthoralis
1626 303 1728 334 nostri
1745 303 1806 334 iam
1832 300 1980 347 predicti.

129 361 316 405 pariterque
345 364 530 393 nostrorum
560 351 737 392 Procerum
765 363 797 392 ct
825 358 985 392 baronum
1014 358 1152 392 consilio
1181 357 1362 392 accedente
1391 358 1551 394 donamus
1573 365 1605 394 et
1627 361 1783 395 tradimus
1800 362 1981 405 Religiosis

129 422 209 453 viris
248 419 358 453 Petro.
403 419 511 453 abbati
551 424 583 454 et
619 419 802 454 Conuentui
844 419 920 452 dieti
957 418 1149 463 Monasterij
1192 419 1279 453 Aule
1314 419 1422 465 Regio
1460 420 1636 455 eeclesiam
1672 427 1702 456 et
1738 425 1981 469 iuspatronatus

129 480 270 514 ecclesie
304 483 334 514 in
370 480 542 514 l’inebwan
580 480 809 515 Olomucensis
851 480 1027 526 Dyoeesis.
1072 480 1178 522 Quam
1213 483 1319 514 eciam
1348 481 1524 515 ecelesiam
1554 482 1593 515 ad
1627 488 1772 517 nostram
1803 488 1982 530 presenta—

128 543 258 575 cionem
288 541 328 575 ‹le
358 544 426 575 iure
457 541 614 575 babemus
642 544 871 587 pertinentem.
915 552 988 575 cum
1017 544 1086 575 iure
1122 546 1313 588 patronatus
1343 544 1373 575 in
1403 545 1508 588 ipsum
1538 542 1690 577 abbatem
1724 549 1753 577 et
1783 550 1981 579 conuentum

128 601 245 648 prefati
287 601 480 648 Monasterij
524 602 610 636 Aule
645 602 752 647 Regic
795 613 838 635 cx
876 614 961 635 nunc
1000 614 1058 648 per
1090 607 1262 648 presentes
1305 602 1534 637 transferimus
1576 604 1672 650 pleno
1714 608 1783 639 iure
1822 610 1981 652 perpetuo

127 662 372 709 possidendmn.
403 663 449 697 Ita
480 663 565 710 quod
595 663 729 705 fruetus,
759 662 996 697 olna-neiinies.
1028 663 1182 702 redditusq
1213 668 1245 697 et
1272 669 1451 709 prouentus
1481 664 1566 699 dicte
1595 665 1738 699 ecclesie
1759 669 1789 699 in
1807 666 1980 701 Ruebwan

127 727 346 770 prenominati
376 724 480 759 abbas
509 729 540 758 et
568 724 758 759 Conuentus
788 724 874 758 Aule
905 724 1010 765 Regie
1040 727 1069 758 in
1099 736 1177 759 suos
1206 728 1357 771 proprios
1386 730 1584 759 conuertere
1612 729 1740 772 possint
1767 739 1859 762 vsus.
1895 727 1980 762 Dum

128 789 238 818 tamen
268 789 390 819 tantum
419 785 459 819 de
488 785 644 831 predictis
673 784 843 819 fructibus.
874 784 1147 820 obueneionilnis.
1177 786 1367 822 redditibus.
1392 791 1445 820 aut
1465 787 1679 832 prouentibus
1696 788 1822 833 prefate
1838 789 1981 823 ecclesie

128 845 339 891 relinquatur,
378 858 438 892 per
465 857 529 892 que
557 849 661 892 possit
689 845 731 879 ibi
760 846 911 880 residens
940 849 1122 880 animarum
1152 858 1264 881 euram
1294 847 1419 881 babens
1448 849 1650 894 episcopalia
1683 851 1752 882 iura
1789 850 1980 895 persoluere

127 910 159 940 ct
192 918 368 941 remancre
401 908 551 942 comode.
595 908 724 952 aliaque
767 907 994 941 incumbencia
1029 920 1130 942 onera
1173 913 1385 954 suppo1·tare‚
1430 909 1668 944 Inter-dicentes
1702 914 1734 944 et
1769 910 1980 956 prohibentes

125 978 307 1013 expresse,
349 979 391 1002 ne
426 965 597 1014 quisquam
641 968 725 1002 bane
754 973 898 1002 nostram
929 969 1148 1003 donacionem
1178 969 1393 1004 tradicionem
1421 974 1454 1004 et
1482 970 1736 1005 translacionem
1767 971 1806 1005 (le
1835 972 1979 1017 predicta

126 1028 268 1063 ecclesia
304 1032 335 1063 in
371 1029 559 1064 Ruebwan.
602 1033 662 1063 rite
696 1042 734 1063 ae
763 1032 815 1075 pie
845 1042 903 1076 per
945 1042 1005 1064 nos
1034 1030 1152 1063 saetam
1182 1042 1262 1064 ausu
1293 1033 1468 1065 temerario
1497 1031 1616 1065 audeat
1645 1032 1784 1067 violare.
1814 1035 1897 1067 sicut
1926 1036 1981 1067 in-

127 1088 359 1134 dignacionem
395 1090 446 1124 dei
485 1095 515 1124 et
551 1091 672 1125 domini
709 1091 811 1135 Regis
855 1090 1061 1125 (Jontboralis
1099 1094 1201 1125 nostri
1244 1091 1379 1137 predicti
1421 1097 1518 1139 atquc
1556 1097 1718 1131 nostram„
1757 1093 1980 1139 heredumque

126 1155 313 1185 nostrorum
341 1151 663 1185 animaduersionem
692 1152 832 1186 uoluerit
861 1155 997 1189 enitar-(2
1027 1152 1065 1185 Et
1095 1155 1168 1197 quia
1199 1153 1305 1187 multis
1335 1153 1477 1198 undique
1506 1158 1620 1188 natura
1642 1155 1842 1188 nouitatibus
1871 1160 1979 1190 vtens.

125 1222 188 1257 que
217 1223 275 1246 sua
305 1216 379 1246 sunt
408 1217 572 1258 operatur.
610 1213 762 1247 volentes
798 1212 872 1247 lmic
901 1218 1012 1247 nostre
1042 1213 1258 1247 saluberrime
1292 1214 1467 1248 donacioni
1502 1215 1672 1249 tradicioni
1703 1220 1734 1249 et
1763 1216 1980 1250 translacioni

125 1277 364 1317 congruentem
393 1273 553 1307 exhibere
595 1277 789 1308 caucionem
820 1279 851 1308 et
880 1274 1053 1309 medelam.
1091 1286 1130 1308 ne
1160 1275 1312 1308 decursio
1341 1279 1371 1309 et
1401 1278 1545 1310 uarietas
1580 1275 1722 1310 humane
1751 1281 1866 1311 natm-c
1895 1289 1981 1311 acu-

124 1332 210 1367 leum
239 1333 415 1368 obliuionis
446 1335 587 1369 inducat.
618 1335 653 1369 In
683 1338 904 1369 testimonium
935 1340 966 1369 et
993 1335 1094 1369 robur
1110 1336 1315 1370 donacionis.
1339 1336 1528 1371 tradicionis
1544 1341 1576 1371 et
1591 1338 1822 1372 translacionis
1838 1338 1980 1372 ecclesie

125 1398 156 1428 et
191 1397 463 1441 iurispatronatus
499 1396 731 1441 predictorum.
774 1401 960 1443 presentem
998 1399 1152 1443 paginam
1194 1397 1358 1431 conscribi
1394 1400 1558 1434 iussimus,
1601 1403 1631 1432 et
1661 1403 1772 1433 nostre
1802 1402 1980 1433 maiestatis

125 1455 234 1500 sigillo
263 1458 366 1502 ipsam
396 1457 624 1491 mandauimus
652 1460 858 1492 communiri.
901 1458 1020 1491 Actum
1051 1462 1079 1492 et
1109 1458 1227 1491 Datum
1258 1458 1365 1503 Frage
1394 1459 1493 1493 Anno
1523 1459 1644 1493 domini
1672 1459 1859 1501 Mitti-simo„
1891 1460 1980 1494 Tre-

125 1519 319 1550 centesimo.
349 1516 519 1551 Vicesimo
549 1521 671 1563 quintoq
702 1518 823 1552 'l'ereio
852 1518 965 1553 Nonas
994 1518 1083 1563 Maij.

433 1597 484 1626 (Ex
511 1597 579 1631 orig,
605 1598 747 1624 membran.
773 1599 846 1633 eujus
873 1598 989 1631 sigillum
1004 1599 1122 1624 avulsum
1147 1602 1198 1632 est,
1224 1598 1248 1625 in
1274 1609 1296 1626 e.
1317 1608 1336 1626 r.
1355 1599 1473 1626 arebixio
1488 1599 1574 1626 antico
1589 1604 1696 1626 secreto
1711 1600 1830 1634 Viennae,
1847 1601 1876 1627 Κ.
1893 1600 1979 1630 250¹.)

122 1770 308 1806 Johcmues.
352 1783 418 1804 rea·
449 1771 629 1805 Boleeme‘w.
673 1773 826 1806 eom-edil
856 1774 992 1807 ei'ri'loli
1018 1773 1206 1817 lyslari'eum'
1233 1773 1492 1807 translationem
1520 1775 1744 1809 numlilmrnm
1771 1775 1976 1809 annuale'mn.

750 1833 808 1868 DI.
840 1834 965 1878 I'rnffle
994 1834 1101 1867 Nouis
1131 1834 1219 1877 Maji
1249 1833 1356 1868 1325.

295 1900 383 1954 axos
423 1919 612 1953 Jobannes.
656 1920 705 1954 (lei
748 1924 860 1958 gracia
902 1921 1036 1954 l3oemie
1075 1925 1103 1954 et
1135 1921 1269 1955 l'olonie
1304 1921 1389 1957 Rex.
1433 1934 1471 1955 ae
1508 1921 1809 1967 Lucembnrgensis
1846 1924 1975 1957 Comes.

125 1979 242 2014 Notum
285 1980 422 2015 facimus
459 1984 634 2023 xiiiiiersis‚
675 1982 769 2022 Quini
803 1994 876 2015 cum
920 1994 979 2015 nos
1016 1982 1140 2015 dilectis
1183 1982 1277 2016 nobis
1316 1983 1449 2016 Ciuilms
1491 1983 1732 2024 lglauiensibus
1769 1995 1828 2031 pro
1863 1996 1976 2017 eorum

123 2041 296 2075 commodo
330 2042 466 2088 speciali
505 2042 744 2076 indulserimus.
791 2047 819 2076 nt
857 2043 999 2076 nundine
1035 2054 1143 2076 rerum
1179 2044 1345 2077 venalium
1376 2043 1495 2077 ibidem
1525 2047 1620 2078 annis
1649 2045 1788 2090 singulis
1817 2045 1974 2079 deberem

123 2106 243 2135 statuto
277 2106 433 2149 tempore.
478 2108 570 2149 prout
615 2107 643 2136 in
674 2107 794 2137 nostris
830 2116 929 2149 super
957 2116 996 2138 eo
1027 2107 1104 2150 ipsis
1134 2104 1216 2137 datis
1250 2104 1350 2138 literis
1392 2105 1520 2151 plmiius
1561 2109 1765 2151 exprimitur:
1802 2106 1974 2140 celebrari.

124 2167 232 2196 tamen
270 2166 344 2209 quia
383 2176 498 2198 eorum
528 2165 766 2198 inl'ornnuionc
795 2165 966 2199 didicimus
1003 2165 1183 2198 euidenter.
1215 2165 1298 2210 quod
1329 2168 1407 2211 ipsis
1437 2170 1564 2212 tempus
1593 2167 1678 2200 aliud
1708 2167 1860 2201 videlieet
1890 2170 1975 2200 inter

123 2223 308 2257 Natiuitatis
338 2223 439 2258 Beate
468 2228 604 2269 uirginis
634 2231 662 2258 et
694 2226 778 2259 beati
810 2225 978 2259 Michaelis
1014 2225 1096 2259 festa
1127 2238 1185 2271 pro
1220 2226 1401 2260 huiusmodi
1432 2227 1584 2262 mmdinis
1613 2227 1820 2261 celebrandis
1849 2239 1976 2273 oppor-

126 2287 234 2318 tunius
270 2283 457 2320 baberetur.
501 2287 722 2333 supplicantes
758 2286 852 2320 nobis
881 2286 1010 2320 deuote.
1049 2291 1080 2320 vt
1111 2290 1198 2332 ipsas
1227 2287 1390 2321 nundinas
1419 2288 1458 2321 ad
1489 2288 1573 2322 idem
1603 2293 1731 2334 tenipus
1761 2288 1975 2329 ‹timim-cunn—

124 2345 314 2379 transl‘erre.
346 2344 414 2379 Nos
444 2358 557 2381 eornm
586 2347 887 2393 supplieaeionilnis
917 2348 1058 2381 inclinati
1077 2347 1231 2392 benigne.
1264 2350 1341 2394 ipsis
1363 2352 1518 2393 graciose
1533 2350 1747 2383 concedimus
1763 2353 1792 2382 et
1810 2349 1971 2382 sanemus.

123 2410 155 2439 ut
183 2405 367 2440 huiusmodi
398 2407 558 2441 mmdinas
588 2411 671 2442 inter
699 2409 843 2455 predicta
875 2411 1050 2442 natiuitatis
1081 2409 1181 2442 Beate
1210 2412 1347 2453 uirginis
1363 2414 1395 2443 et
1410 2409 1502 2444 Beati
1518 2410 1689 2444 Miebaelis
1706 2410 1801 2444 festa.
1825 2414 1973 2455 tempore

123 2477 187 2511 quo
215 2466 422 2501 decreuerint
456 2471 591 2513 apciori.
631 2470 763 2503 valeant
797 2472 891 2503 annis
919 2469 1076 2515 deinceps
1104 2470 1244 2510 singulis
1272 2469 1453 2505 celebrare.
1492 2471 1526 2505 ln
1556 2474 1649 2504 (titius
1678 2472 1724 2503 rei
1755 2473 1974 2503 testimonium

123 2531 295 2572 presentes
332 2528 456 2561 litteras
493 2529 559 2562 lieri
589 2534 619 2562 et
648 2531 755 2569 sigillo
785 2535 896 2564 nostro
927 2533 1079 2564 iussimus
1107 2533 1312 2565 communiri.
1341 2531 1458 2565 Datum
1490 2531 1595 2576 l'rage
1624 2530 1728 2565 Nonis
1753 2530 1843 2575 Maij,
1874 2530 1974 2564 Anno

122 2586 253 2622 Domini
282 2588 454 2622 Millesimo
484 2589 732 2624 'l‘reeentesimo
763 2591 928 2625 Yieesimo
958 2593 1090 2632 Quinto.

434 2677 483 2703 115³
511 2677 634 2705 urminati
661 2687 716 2704 rum
742 2679 832 2709 ,simitu
857 2679 974 2714 equestri
999 2683 1112 2706 xennsto
1137 2679 1161 2706 in
1186 2680 1295 2707 archivo
1320 2681 1438 2715 ejusdem
1464 2679 1579 2707 ciuitatis
1610 2679 1727 2714 eopiavit
1753 2680 1813 2707 Ant.
1841 2680 1971 2710 Boi-zeii..

1725 2730 1764 2759 211
