2341 3005
1049 156 1121 191 371

1036 270 1125 305 VIII.

152 339 388 378 ”ene-eslans,
433 352 500 374 rea:
532 340 720 383 Bokemia’,
765 342 922 376 coneedit
965 341 1095 376 eii-ihus
1136 341 1423 377 Hlubeicensibns
1453 344 1658 388 facultatem
1689 345 1736 379 ad
1763 345 1904 379 emenda
1934 344 2023 380 hotta

512 413 534 436 a
563 402 744 436 nobilibus
777 403 836 437 Dt.
868 405 900 437 ἱη
933 403 1050 437 Gretz.
1081 403 1201 438 XVII.
1232 404 1380 439 Kalend.
1410 405 1510 450 Maje'.
1543 405 1655 440 1298.

319 461 408 515 ⁴xes
437 480 664 516 wenceslaus
694 481 746 515 dei
775 485 883 527 gratia
912 482 989 517 Rex
1018 482 1168 528 Boemie,
1198 483 1277 518 Dux
1307 482 1472 519 Cracouie
1493 489 1524 519 et
1548 484 1781 520 Sandonierie.
1806 485 2024 532 marchioque

142 540 297 576 Moravie
326 546 443 576 tenore
471 545 676 588 presentium
705 548 817 577 notum
848 555 924 578 esse
953 537 1107 578 volumus
1136 547 1306 580 Vniuersis
1336 550 1401 580 tam
1430 545 1642 592 presentibus
1663 558 1760 592 quam
1786 546 1915 582 suturis.
1935 547 2023 594 quod

142 614 204 637 nos
247 606 371 637 civium
415 607 558 638 ciuitatis
587 609 701 638 nostre
731 604 894 639 Lubschiz
924 608 955 639 in
985 610 1072 640 terra
1102 611 1215 640 nostra
1245 610 1421 653 opauiensi
1455 608 1752 654 supplicationibus
1787 609 1944 643 inclinati.
1975 613 2024 644 eis

141 669 171 698 ct
207 676 324 699 eorum
360 664 505 699 cullibet.
549 666 636 710 quod
667 678 684 700 a
714 666 967 712 quibuscunque
1010 667 1174 702 nobilibus
1217 668 1419 703 hereditates
1453 681 1531 705 suas
1567 680 1632 715 que
1660 669 1812 705 feudales
1841 682 1907 705 non
1936 676 2023 706 sunt.

142 726 332 761 volentibus
361 730 410 761 eis
440 727 589 761 uendere
625 727 814 773 hujiismodi
845 728 1058 767 hereditates,
1089 730 1177 764 licite
1205 733 1335 776 possint
1363 742 1488 775 emere,
1519 743 1558 765 ac
1588 734 1620 765 in
1649 731 1723 766 soro
1753 734 1897 766 civitatis
1921 735 2023 779 ipsius

141 787 326 835 apothecas
354 800 542 835 pannorum
572 800 636 835 que
666 790 819 832 dicuntur
847 790 1032 835 uulgariter
1060 791 1258 838 cauphaws.
1289 797 1497 836 consti-uere,
1528 793 1684 838 quodque
1713 805 1731 827 a
1761 794 1961 839 quibuslibet
1990 797 2023 829 in

140 851 316 895 sententijS
345 849 465 895 dubijs.
496 853 546 885 ius
576 856 607 885 et
636 854 836 885 sententiam
866 855 1007 886 ciuitatis
1037 853 1185 899 predicte
1214 854 1459 900 requirentibus
1489 859 1520 889 et
1549 855 1799 902 recipientibus,
1829 860 2022 901 quentinum

141 923 241 946 01111111
271 915 403 957 argenti
431 922 491 962 pro
521 911 709 958 hujusmodi
739 917 902 948 sententia
933 918 1154 949 communiter
1181 919 1324 961 exigere
1354 916 1499 950 ualeant.
1532 916 1647 951 harum
1683 920 1771 951 serie
1805 918 2021 952 concedimus

139 977 171 1007 et
200 972 431 1008 fauorabiliter
459 973 681 1020 indulgemus.
713 975 759 1009 lta
790 980 915 1019 tamen,
954 976 1042 1021 quod
1071 979 1164 1011 cives
1193 977 1343 1023 predicti.
1374 981 1511 1012 servitui
1545 982 1656 1013 omnia
1687 990 1751 1025 que
1781 979 1821 1013 de
1851 979 1925 1024 alijs
1956 979 2021 1014 he-

138 1034 335 1070 reditatibus
371 1035 413 1070 ad
451 1039 621 1070 ciuitatem
664 1039 769 1084 ipsam
806 1037 1046 1084 spectantibus,
1090 1043 1155 1072 tam
1184 1041 1217 1073 in
1247 1050 1363 1082 censu,
1407 1051 1506 1086 quam
1542 1040 1691 1074 collectis
1720 1045 1751 1075 et
1781 1041 1854 1086 alijs
1884 1040 2019 1075 faciunt.

138 1108 199 1144 pro
228 1096 468 1132 hereditatibus
496 1098 655 1144 predictis
684 1109 767 1144 quas
797 1103 919 1134 01110111.
948 1099 1043 1133 nobis
1072 1099 1197 1144 facere,
1228 1112 1366 1135 censum
1396 1112 1477 1135 uero
1507 1104 1562 1147 qui
1592 1101 1632 1136 (10
1662 1102 1835 1148 apothecis
1864 1103 2021 1149 predictis

136 1162 328 1205 proveniet,
372 1159 527 1206 quicquid
563 1162 663 1194 etiam
698 1172 758 1207 pro
794 1163 968 1205 sententijs
1004 1161 1162 1207 predictis
1198 1162 1372 1209 recipient,
1417 1174 1481 1197 11011
1513 1163 1554 1197 ad
1582 1175 1665 1198 vsus
1694 1167 1861 1210 proprios.
1892 1164 1951 1198 sed
1980 1164 2019 1198 ad

136 1223 385 1267 reparationem
414 1232 596 1265 murorum,
627 1221 841 1260 fossatorumq
873 1225 1003 1256 viarum
1034 1227 1065 1257 et
1094 1223 1234 1257 aliarum
1270 1227 1509 1258 necessitatum
1547 1225 1719 1272 sepedIcte
1752 1228 1896 1260 civitatis
1931 1237 2021 1260 0011-

137 1272 271 1317 uertere
300 1285 390 1317 omni
419 1287 568 1329 tempore
598 1287 785 1318 teneantur.
829 1283 864 1318 ln
903 1286 998 1329 cujus
1028 1288 1075 1319 rei
1105 1288 1331 1320 testimonium
1360 1291 1536 1332 presentes
1565 1286 1691 1321 litteras
1727 1287 1811 1331 fieri,
1841 1292 1873 1322 et
1902 1288 2018 1333 sigillis

136 1345 323 1389 majestatis
352 1348 466 1379 nostre
491 1346 652 1390 jussimus
684 1348 892 1379 communiri.
923 1345 1044 1380 Datum
1073 1349 1106 1380 in
1136 1346 1252 1381 Gretz.
1290 1358 1350 1393 per
1386 1359 1504 1382 manus
1540 1348 1746 1383 venerabilis
1789 1352 1873 1395 petri
1918 1349 2020 1383 Basi-

135 1405 251 1441 liensis
280 1406 451 1453 Episcopi,
480 1406 779 1452 wissegradensis
807 1410 978 1454 prepositi,
1017 1413 1049 1442 et
1077 1408 1190 1453 Regni
1219 1412 1323 1443 nostri
1347 1409 1484 1443 Boemie
1506 1410 1711 1455 cancellarij.
1732 1413 1891 1457 principis
1914 1414 2018 1444 nostri

137 1467 259 1502 dilecti.
293 1467 398 1502 Anno
431 1468 619 1512 millesimo,
663 1468 918 1503 ducentesimo.
950 1473 1172 1515 nonagesimo
1202 1475 1348 1505 octavo.
1381 1471 1488 1506 xvll.
1518 1471 1688 1507 Kalendas
1718 1474 1808 1517 maij.
1840 1473 2016 1506 undecimo

135 1528 354 1564 Indictionis.
385 1529 497 1575 Regni
526 1532 632 1564 nostri
661 1542 750 1564 anno
779 1534 897 1577 primo.

443 1610 497 1643 (Ex
522 1610 597 1645 Orig.
623 1610 649 1637 in
673 1610 785 1637 archivo
811 1611 932 1646 ejusdcm
958 1611 1076 1638 cixitatis
1101 1612 1307 1639 communicaxit
1333 1613 1508 1648 magistratus
1533 1613 1750 1646 Hlubcicensis.)

140 1776 384 1820 Theodericus,
428 1778 610 1823 episcopus
652 1778 905 1821 Olmnm·eu.s-z·.s·,
943 1780 1123 1822 confirma!
1165 1781 1377 1814 monasterio
1416 1779 1523 1814 Cellae
1562 1780 1599 1815 S.
1638 1780 1762 1815 Murice
1798 1781 1926 1816 Branoe
1952 1785 2014 1827 jus

254 1842 468 1884 patronatus
496 1839 656 1874 eccle-sice
684 1841 715 1873 in
746 1840 956 1874 ilIaullem'cz.
998 1840 1127 1874 Datum
1157 1842 1188 1874 ῐη
1219 1841 1374 1876 Modre'cz
1403 1841 1425 1876 I
1431 1842 1466 1877 V.
1497 1841 1579 1876 Idus
1608 1843 1742 1877 Μανίίἰ.
1775 1842 1889 1877 1300.

312 1907 357 1961 ¹11
387 1930 522 1963 nomine
552 1927 676 1962 domini
705 1928 827 1962 Amen.
859 1928 1089 1963 Theodericus
1119 1929 1170 1963 dei
1199 1933 1315 1974 gracia
1346 1929 1581 1965 Olomucensis
1611 1930 1813 1978 Episcopus,
1846 1934 2018 1967 vniuersis

136 1993 311 2035 presentes
352 1989 467 2024 literas
501 1992 702 2036 inspecturis
745 1990 884 2024 salutem
920 1993 951 2024 in
995 1990 1129 2025 domino
1165 1994 1415 2038 sempiternam,
1458 1992 1623 2039 Exposcit
1655 1995 1741 2027 inter
1776 1993 1840 2027 alia
1871 1993 2016 2028 debitum

135 2050 236 2096 oflicij
266 2051 455 2097 pastoralis,
484 2056 521 2086 vt
549 2063 588 2085 ea
619 2063 682 2097 que
712 2051 751 2085 ad
783 2056 898 2086 sancte
929 2052 1114 2097 Religionis
1143 2052 1341 2099 profectum.
1378 2065 1418 2088 ac
1447 2053 1550 2088 diuini
1579 2057 1724 2089 nominis
1753 2054 1899 2089 osticium
1931 2067 2014 2101 pcr-

135 2115 241 2147 tinere
283 2118 479 2156 noscuntur,
525 2118 640 2147 nostre
682 2117 909 2159 111-0100010015
946 2118 978 2147 01
1006 2117 1261 2160 procuracionis
1297 2115 1405 2149 studio
1433 2118 1598 2162 recipiant
1632 2119 1888 2151 lucrementum.
1933 2117 2015 2151 Cum

135 2176 246 2220 itaque
281 2177 332 2209 ius
374 2180 567 2222 patronatus
609 2175 762 2209 Ecclesie
805 2174 1024 2221 parrochialis
1059 2179 1090 2209 111
1120 2174 1313 2210 Muthenicz
1356 2181 1468 2212 nostre
1506 2177 1676 2224 dyocesis,
1720 2181 1785 2212 iam
1820 2177 1945 2224 pridem
1983 2181 2014 2213 in

135 2235 314 2281 religiosas
357 2248 397 2271 30
434 2236 572 2271 dilectas
608 2239 640 2271 in
676 2236 808 2271 Christo
846 2237 941 2280 litias,
984 2237 1180 2272 l'riorissam
1217 2243 1251 2272 et
1287 2238 1498 2273 Conuentum
1543 2238 1634 2274 Celle
1676 2245 1791 2275 sancte
1832 2239 1939 2273 Marie
1983 2243 2013 2274 in

134 2296 289 2342 Brunna,
331 2298 458 2333 ordinis
492 2302 597 2334 sancti
640 2298 840 2343 Augustini,
885 2299 1069 2333 secundum
1105 2302 1262 2343 instituta,
1306 2305 1339 2334 et
1373 2300 1434 2335 sub
1470 2313 1550 2335 cura
1587 2301 1725 2336 fratrum
1767 2301 2013 2347 predicatorum

133 2361 337 2404 viuencium,
366 2363 452 2395 iusto
482 2360 679 2395 donacionis
708 2360 810 2403 titulo,
842 2372 901 2407 per
929 2360 1189 2395 Serenissimum
1219 2361 1405 2408 Principem
1428 2363 1596 2397 domimini
1618 2362 1861 2397 wenceslaum
1881 2362 2013 2408 Regem

133 2420 298 2468 Boemye,
327 2421 630 2468 Mareliionemque
657 2421 822 2464 Morauic,
854 2425 914 2456 rite
944 2434 984 2457 ac
1013 2422 1174 2468 legittime
1203 2426 1243 2457 sit
1273 2424 1478 2458 translatum.
1509 2429 1543 2459 vt
1574 2437 1618 2458 ex
1644 2424 1870 2458 translacione
1893 2423 2014 2458 huius-

134 2482 234 2526 modi,
278 2483 397 2518 eadem
442 2483 609 2517 l'riorissa
651 2488 683 2518 01
719 2484 913 2518 Conucntus
951 2486 1041 2527 eius,
1085 2484 1255 2530 amplioris
1288 2485 1435 2520 utilitatis
1471 2486 1698 2525 commodum,
1735 2490 1767 2520 et
1802 2485 2014 2520 comoditatis

133 2543 323 2579 uberiorem
359 2549 584 2590 assequantur
618 2545 785 2589 effectum,
830 2544 951 2580 Notum
981 2556 1058 2580 esse
1088 2545 1243 2580 volumus
1271 2547 1483 2593 presentibus
1519 2552 1551 2581 01
1582 2547 1711 2581 suturis.
1756 2547 1842 2593 quod
1871 2547 1942 2581 Nos
1971 2547 2013 2581 ob

133 2616 282 2640 amorem
318 2606 371 2640 dei
407 2617 505 2652 quem
543 2607 772 2653 principaliter
806 2606 1004 2641 attendimus
1047 2609 1079 2641 in
1123 2606 1186 2641 hac
1220 2612 1323 2654 parte,
1367 2620 1406 2642 ac
1443 2608 1484 2643 ob
1522 2609 1710 2653 Religionis
1747 2608 1911 2653 fauorem,
1948 2620 2013 2655 quo

131 2669 239 2713 ipsum
275 2667 383 2702 locum
418 2671 450 2701 et
484 2678 650 2713 personas
685 2672 920 2715 prosequimur
954 2668 1146 2715 specialem.
1191 2668 1242 2704 De
1279 2670 1448 2704 uoluntate
1483 2682 1522 2704 ac
1561 2670 1700 2704 consilio
1737 2672 1844 2705 tocius
1879 2671 2011 2717 capituli

1743 2730 1804 2760 47*
