2325 2941
1183 124 1256 159 382

292 247 367 278 sunt
396 246 541 289 ipsorum
571 241 778 275 dominorum
806 240 861 274 vel
890 242 1103 274 servitiorum
1133 250 1267 274 suorum
1295 238 1410 273 usibus
1439 239 1604 286 deputata.
1636 238 1671 273 Si
1700 250 1786 284 quae
1807 244 1915 274 autem
1945 252 1989 274 ex
2018 243 2066 275 eis
2095 240 2148 275 vel

290 307 471 339 servitores
500 302 705 336 dominorum
740 304 886 348 ipsorum
922 312 981 347 pro
1010 303 1147 335 servitio
1182 310 1243 334 suo
1273 303 1400 338 tenent.
1436 300 1489 334 vel
1519 303 1581 346 ipsi
1610 300 1733 334 domini
1766 310 1826 346 pro
1855 311 1891 334 se
1919 301 2047 337 colunt.
2077 304 2146 335 suis

289 365 343 399 vel
372 367 535 398 curiarum
565 374 696 397 suarum
726 362 780 396 vel
809 362 970 396 bonorum
1001 372 1136 396 suorum
1161 360 1302 394 officinis
1331 360 1385 394 vel
1414 360 1532 395 officiis
1561 361 1615 395 vel
1635 360 1793 394 custodiis
1823 360 2029 406 deputarunt,
2060 362 2149 396 dici-

290 438 360 460 mus
388 436 454 458 non
484 424 606 458 debere
635 424 721 459 solvi
749 423 933 457 collectam.
969 423 1149 467 Antiquum
1179 424 1278 456 etiam
1306 422 1551 466 regnicolarum
1580 425 1727 468 ipsorum
1752 423 1819 466 jus„
1849 421 1935 467 quod
1964 422 2147 467 aliquorum

288 486 584 533 praedecessorum
615 490 801 519 nostrorum
830 479 948 529 regum
978 483 1178 517 Bocmorum
1201 482 1405 528 temporibus
1434 482 1590 517 abolitum
1619 487 1651 516 et
1679 482 1784 516 abusu
1804 487 1999 517 revocatum
2028 482 2147 526 fuerat,

288 551 501 581 renovantes
532 547 742 581 decernimus
777 550 807 580 et
837 548 868 579 in
898 549 1057 591 perpetua
1087 544 1243 578 decetero
1272 543 1424 578 volumus
1453 544 1629 578 stabilitate
1663 554 1811 587 manere,
1845 543 1932 588 quod
1961 546 2147 589 quicunque

288 609 361 643 liliis
390 608 546 643 masculis
575 619 641 642 non
670 608 794 642 relictis
823 606 1018 649 decesserit,
1048 605 1134 639 filiae
1163 607 1360 651 superstites
1389 607 1420 638 in
1450 604 1631 638 hereditate
1660 609 1691 638 et
1720 604 1816 638 bonis
1845 607 1992 650 paternis
2022 616 2147 639 succe-

287 670 376 704 dant.
415 670 462 718 Si,
486 675 595 704 autem
632 680 695 703 nec
733 668 817 702 filios
852 679 915 701 nec
950 666 1033 701 silias
1062 666 1189 700 liabens
1224 670 1256 700 et
1290 666 1377 699 nulla
1413 665 1454 699 de
1483 665 1578 699 bonis
1615 668 1683 699 suis
1720 668 1751 699 in
1780 668 1847 699 vita
1885 665 1940 699 vel
1974 668 2007 699 in
2043 671 2147 700 morte

286 732 502 778 dispositione
531 728 617 763 sacta
647 729 798 766 decedat,
828 731 1048 775 proximiores
1073 738 1177 772 usque
1207 727 1246 760 ad
1276 731 1425 772 quartum
1451 729 1773 771 consanguhineitatis
1801 726 1941 771 gradum
1970 726 2146 761 masculini

286 792 339 826 vel
369 792 516 825 seminini
538 802 640 825 sexus
662 789 804 824 heredes
826 792 858 822 in
888 788 983 823 bonis
1004 791 1071 823 suis
1094 788 1246 822 omnibus
1266 792 1298 821 et
1320 787 1503 821 hereditate
1523 787 1715 822 succedant.
1747 786 1874 828 Quibus
1895 798 1962 821 non
1991 790 2148 822 existen-

286 853 383 895 tilius7
420 857 451 887 et
480 853 625 897 legitima
657 851 817 885 bonorum
848 861 982 884 suorum
1012 849 1249 896 dispositione.
1287 853 1384 895 prout
1411 852 1630 895 praemissum
1659 853 1725 885 est.
1761 860 1820 895 per
1849 848 2051 884 decedentes
2078 860 2145 883 non

286 915 383 957 lacta.
414 914 454 947 ad
474 925 535 947 nos
564 918 639 947 tune
663 913 792 946 demum
822 911 909 945 bona
933 911 1162 945 decedentium
1193 910 1300 943 taliter
1321 910 1552 943 devolvantur.
1584 909 1624 943 Et
1643 909 1706 943 boc
1735 909 1820 943 idem
1841 912 1873 944 in
1902 909 1998 944 bonis
2018 921 2146 951 eorum,

286 978 340 1021 qui
369 986 428 1021 pro
466 975 593 1008 delictis
622 977 690 1008 suis
719 973 850 1019 capitali
885 975 1062 1019 puniuntur
1090 974 1272 1010 sententia.
1310 971 1464 1005 volumus
1493 970 1682 1009 observem
1724 971 1826 1005 licere
1855 975 1965 1005 autem
1992 971 2146 1006 volumus

284 1037 435 1070 omnibus
456 1037 594 1069 liliorum
617 1040 648 1069 et
668 1035 805 1068 siliarum
835 1037 1029 1080 posteritate
1052 1032 1242 1067 carentibus
1262 1037 1294 1066 et
1314 1033 1457 1078 capitali.
1486 1037 1520 1066 ut
1540 1032 1660 1065 dictum
1682 1037 1744 1071 est,
1774 1035 1937 1067 sententia
1958 1032 2146 1078 puniendis,

285 1098 324 1131 de
354 1098 448 1131 bonis
482 1100 550 1131 suis
586 1099 617 1130 in
651 1099 719 1131 vita
749 1100 782 1130 et
815 1098 847 1129 in
876 1099 981 1129 morte
1017 1095 1212 1140 disponere.
1248 1098 1346 1139 prout
1373 1104 1488 1127 eorum
1517 1093 1677 1139 placuerit
1704 1093 1877 1127 voluntati.
1922 1093 2077 1128 Ceterum
2113 1098 2148 1128 ut

288 1162 404 1193 omms.
442 1170 527 1204 quae
565 1158 605 1191 de
643 1157 738 1191 nobis
768 1159 848 1203 ipsis
886 1155 1051 1190 nobilibus
1085 1160 1117 1189 et
1153 1157 1329 1199 terrigenis
1358 1157 1454 1200 regui
1483 1154 1643 1188 Boemiae
1678 1157 1782 1200 possit
1809 1157 1888 1188 oriri
1916 1157 2062 1201 suspicio
2091 1155 2146 1189 vel

284 1219 477 1266 displicendi
516 1222 653 1253 materia
692 1218 877 1261 auferatur7
914 1217 1000 1251 hanc
1036 1216 1130 1251 nobis
1160 1217 1269 1261 legem
1299 1227 1372 1250 cum
1402 1216 1601 1262 adimplendi
1636 1218 1838 1250 necessitate
1873 1218 2084 1262 imponimus,
2114 1221 2148 1250 et-

284 1280 345 1315 lioe
375 1284 406 1314 in
444 1280 540 1314 nobis
569 1285 600 1314 et
641 1279 894 1314 successoribus
936 1281 1059 1312 nostris
1095 1282 1278 1324 perpetuae
1313 1277 1526 1322 obligationis
1568 1277 1805 1311 observatione
1834 1276 2015 1321 firmamus.
2058 1277 2146 1322 quod

283 1342 403 1376 nullum
424 1345 647 1388 capitaneum.
677 1341 801 1374 nullum
830 1342 1043 1386 purcravium
1065 1339 1120 1373 vel
1149 1338 1366 1372 castellanum
1388 1341 1420 1372 in
1449 1341 1567 1372 castris
1587 1341 1721 1381 nostris7
1751 1338 1874 1372 nullum
1894 1337 2145 1372 beneficiarium

283 1403 335 1436 vel
365 1403 540 1437 ol‘licialem
578 1403 717 1448 aliquem
748 1405 779 1435 in
808 1401 946 1435 Boemia
981 1400 1036 1434 vel
1063 1399 1234 1442 Moraxta„
1277 1399 1332 1434 vel
1369 1402 1402 1433 in
1439 1402 1530 1433 curia
1560 1403 1673 1433 nostra
1710 1410 1871 1445 ponemus
1907 1399 2144 1445 alienigenam,

282 1476 343 1498 nec
373 1464 471 1498 bona.
509 1467 744 1510 possessiones
780 1463 833 1497 vel
862 1467 989 1496 eastra.
1033 1461 1086 1495 vel
1120 1460 1230 1495 oflicia
1268 1461 1375 1507 aliqua
1413 1461 1612 1505 alienigenis
1640 1463 1720 1506 ipsis
1763 1463 1992 1506 inperpetuum
2021 1460 2075 1495 vel
2104 1461 2145 1495 ad

282 1531 408 1571 tempus
435 1525 596 1560 dabimus.
627 1536 689 1559 nec
719 1536 778 1558 eos
801 1524 989 1558 hereditare
1018 1526 1049 1557 in
1078 1534 1185 1568 regno
1206 1522 1389 1556 Bohemiae
1419 1522 1602 1568 aliqualiter
1630 1522 1856 1556 admittamus:
1885 1522 1943 1556 sed
1972 1522 2142 1569 praedicta

281 1589 391 1620 omnia
420 1590 451 1620 iu
482 1586 625 1620 Boemos
655 1586 708 1620 vel
747 1588 778 1619 in
807 1585 966 1619 Moravos
1002 1589 1127 1618 tantum
1156 1595 1215 1630 per
1251 1595 1313 1618 nos
1342 1586 1384 1617 ita
1421 1583 1605 1629 dispensari
1635 1582 1759 1617 dehere
1788 1583 2017 1627 decrevimus,
2056 1583 2142 1630 quod

279 1649 377 1691 (nec)
407 1647 501 1681 nobis
530 1648 630 1681 licere
659 1647 744 1681 aliud
769 1646 968 1691 judicamus.
998 1645 1039 1679 Et
1067 1657 1109 1679 ne
1139 1645 1294 1691 subrepat
1323 1645 1398 1686 alia,
1429 1644 1515 1690 quod
1545 1656 1609 1678 una
1638 1647 1693 1679 via
1723 1644 1783 1679 sub
1813 1647 1945 1679 sincera
1975 1644 2142 1679 sollicitu-

280 1709 354 1742 dine
384 1708 586 1754 prohibetur.
618 1708 680 1742 lioc
709 1708 900 1754 praedictae
929 1712 1065 1741 nostrae
1087 1707 1152 1751 legi
1182 1706 1236 1741 vel
1257 1706 1386 1752 aequali
1416 1705 1664 1739 observationis
1686 1708 1888 1740 necessitate
1917 1705 2141 1751 adjungimus,

280 1769 365 1814 quod
382 1770 502 1803 millum
527 1770 750 1811 alienigenam
772 1769 825 1803 vel
849 1774 1045 1803 extraneum
1067 1771 1099 1801 in
1122 1768 1256 1801 Boemia
1280 1768 1334 1801 vel
1350 1767 1505 1801 Moravia
1528 1766 1738 1810 hereditates.
1769 1771 1891 1810 castra3
1909 1769 2142 1813 possessiones

281 1830 366 1863 bona
397 1830 574 1864 immobilia
613 1831 666 1864 vel
690 1832 766 1875 jura
803 1830 911 1875 aliqua
953 1841 1066 1864 emere
1103 1829 1157 1864 vel
1195 1834 1302 1875 empta
1338 1832 1483 1863 retinere
1525 1828 1710 1874 aliqualiter
1747 1828 1966 1862 admittemus.
2010 1826 2076 1862 Sed
2113 1830 2141 1862 si

280 1891 376 1924 alicui
406 1892 445 1925 de
475 1892 592 1926 talibus
621 1891 708 1925 bona
744 1891 929 1936 hujusmodi
959 1891 1079 1924 donata
1111 1890 1163 1924 vel
1193 1891 1315 1935 legata„
1349 1890 1404 1924 vel
1434 1890 1519 1924 forte
1548 1893 1579 1923 in
1609 1889 1716 1923 dotem
1751 1889 1904 1923 dominae
1933 1889 2071 1933 alicujus
2100 1888 2141 1923 de

282 1952 417 1985 noemia
449 1953 498 1985 vel
528 1952 679 1986 illoravia
709 1952 830 1986 fuerint
867 1955 1049 1997 assignata.
1080 1951 1133 1985 vel
1163 1962 1360 1998 quocunque
1390 1951 1453 1984 alio
1483 1951 1574 1985 titulo
1603 1953 1820 1997 pervcnertnt
1848 1950 1887 1984 ad
1916 1949 2070 1993 eundem,
2100 1961 2140 1984 ea

281 2025 298 2046 a
329 2013 381 2047 die
410 2024 473 2058 qua
503 2013 542 2046 ad
572 2025 645 2047 eum
675 2016 889 2059 pervenerint
919 2016 1001 2047 intra
1032 2024 1153 2047 annum
1184 2013 1331 2047 vendere
1353 2013 1448 2046 alicui
1478 2015 1670 2056 terrigenae
1699 2016 1867 2053 teneatur3
1896 2010 1982 2056 quod
2017 2013 2045 2044 si
2074 2021 2140 2045 non

278 2074 405 2108 severit.-
435 2077 543 2107 onmia
574 2075 753 2120 praedieta.
784 2085 870 2119 quac
899 2074 1005 2108 suerat
1034 2079 1218 2115 assecutus,
1249 2078 1326 2108 tunc
1355 2074 1395 2107 ad
1423 2076 1645 2119 proximiores
1675 2075 1775 2119 ipsius
1804 2072 1958 2105 dominae
1986 2082 2140 2106 consan-

278 2138 420 2179 guineos
449 2138 556 2169 statim
587 2140 658 2181 post
689 2138 790 2181 ipsius
819 2138 895 2170 anni
926 2138 1098 2169 termimim
1129 2135 1361 2169 devolvantur.
1407 2135 1445 2168 Ei
1475 2137 1550 2179 quia
1586 2137 1696 2168 omnia
1725 2138 1757 2167 et
1784 2132 1915 2177 singula
1951 2133 2139 2179 supradicta

279 2199 457 2241 terrigenis
496 2198 574 2242 ipsis
612 2196 702 2229 lirina
739 2208 871 2242 semper
901 2197 1051 2230 volumus
1087 2201 1118 2230 ct
1147 2196 1267 2230 illibata
1304 2208 1460 2230 servare:
1497 2198 1734 2242 promiltiinus7
1772 2194 1856 2238 quod
1893 2205 1967 2227 cum
2004 2193 2140 2228 favente

280 2257 412 2291 domino
442 2260 471 2291 in
502 2268 617 2301 regem
645 2256 823 2290 lssolwumw
853 2258 1012 2292 fuerimus
1034 2260 1195 2301 coronati,
1227 2257 1338 2291 literas
1368 2259 1555 2304 praesentis
1577 2258 1699 2290 tenoris
1730 2266 1802 2288 cum
1825 2255 2006 2300 majoribus
2034 2255 2139 2301 sigilis

278 2321 398 2351 nostris
429 2318 607 2361 regalibus,
638 2317 756 2363 quibus
792 2323 867 2351 time
896 2323 1035 2354 utemur.
1074 2319 1234 2363 sigillatas
1263 2319 1442 2365 triplicatus
1472 2321 1532 2363 ipsi
1562 2317 1694 2350 ‹lomino
1730 2319 1890 2363 episeopo
1918 2316 2079 2362 Pragensi
2108 2320 2141 2350 et

279 2382 453 2423 terrigenis
484 2382 565 2413 intra
596 2379 677 2412 duas
707 2382 909 2424 septimanas
938 2392 954 2413 a
986 2380 1038 2413 die
1067 2382 1293 2413 coronationis
1322 2384 1455 2413 nostrae
1484 2378 1563 2412 dare
1593 2376 1776 2411 nullalenus
1806 2377 2016 2412 obmittemus
2034 2405 2041 2412 .
2060 2405 2067 2412 .

589 2467 742 2500 (l'alarlxs's
767 2467 928 2493 Gesrliirlite
954 2476 1005 2493 von
1032 2468 1148 2494 ltolmwn
1175 2469 1204 2495 ll.
1231 2468 1257 2495 Β,
1286 2466 1313 2495 ¹2.
1340 2468 1420 2494 ΑΙιῑΙι.
1447 2474 1507 2501 pag.
1537 2465 1585 2492 ³12.
1618 2466 1685 2491 &ote
1718 2464 1784 2492 114.
1811 2467 1877 2492 nat-li
1901 2465 1988 2492 ciuem
2014 2465 2138 2493 Formel—

693 2520 777 2545 liurlic
802 2520 850 2545 des
875 2519 970 2545 Stil'tes
995 2520 1149 2554 uilla—ring
1174 2521 1198 2546 iu
1225 2519 1421 2552 (liestcrreirli.)
