2325 2941
1197 139 1272 174 268

298 261 451 305 personis
481 263 512 291 et
539 256 638 291 relius
668 260 823 291 statutum
852 255 962 292 fuerit.
993 267 1053 302 per
1081 255 1217 290 eosdem
1246 254 1481 289 inviolabiliter
1509 257 1705 289 auctoritate
1725 259 1819 301 regia
1841 256 2052 292 observetur.
2082 257 2170 292 Nulli

299 331 382 365 ergo
411 321 545 353 omnino
575 317 744 351 hominum
771 321 961 351 nostrorum
990 317 1133 351 fidelium
1162 316 1260 350 liceat
1288 315 1375 349 hanc
1402 319 1561 362 paginam
1589 321 1703 351 nostre
1725 320 1956 352 concessionis
1972 318 2169 363 infringere,

299 381 353 414 vel
382 383 412 413 ei
441 390 522 413 ausu
551 382 727 413 temerario
757 381 934 412 contraire.
966 378 1002 413 Si
1031 381 1103 424 quis
1132 382 1242 411 autem
1271 381 1468 423 attemptare
1496 380 1747 424 presumpserit,
1776 378 2022 423 indignacionis
2055 384 2170 415 nostre

299 443 526 483 acrimoniam,
569 451 606 475 se
639 442 773 474 noverit
806 442 1025 473 incursurum.
1069 439 1106 473 In
1147 441 1241 473 cuius
1269 441 1318 472 rei
1346 441 1569 473 testimonium
1599 444 1632 474 et
1659 439 1761 473 robur
1788 444 1951 486 perpetuo
1979 441 2169 484 valiturum,

298 504 444 548 presenti
473 501 567 535 litere
595 505 710 535 nostre
740 501 883 545 sigillum
910 500 1143 535 innnificencie
1172 504 1224 534 est
1251 511 1448 546 appensum.
1477 500 1599 534 Datum
1628 501 1738 546 Prage
1754 511 1842 534 anno
1858 500 1982 535 domini
1998 501 2170 537 millesimo

299 565 532 597 trecentesimo
560 565 727 607 vigesimo
757 565 907 608 septimo.
939 562 1089 608 Septimo
1118 561 1194 596 Idus
1222 561 1323 595 Junii.

610 650 707 687 [Copia
738 649 826 684 simpl.
858 650 883 676 in
915 658 999 684 opere
1030 653 1128 684 mspto.
1160 649 1278 676 itloravia
1315 649 1464 676 monastica
1496 653 1548 677 etc.
1587 653 1638 677 etc.
1676 659 1758 685 opera
1790 650 1890 677 Bonav.
1923 650 1994 677 Piter
2034 653 2060 677 et
2092 651 2169 678 Alex.

714 702 840 737 Habrich,
865 702 994 737 descript.
1019 711 1032 728 a
1058 702 1178 729 Gerardo
1203 702 1334 729 Lesehure
1358 702 1387 729 Ο.
1413 702 1441 730 Β.
1466 703 1541 730 Tom.
1567 703 1587 729 Ι.
1612 711 1675 738 pag.
1700 702 1749 731 83.
1775 712 1834 738 sqq.
1860 701 2032 739 Raygradii.)

1133 806 1337 841 CCCXLIII.

471 866 678 930 «lohannes,
707 885 870 921 Boliemie
898 897 972 930 rex,
1017 897 1077 933 per
1104 886 1229 921 litteras
1257 885 1406 920 Heni-ico
1436 886 1476 920 de
1504 885 1598 933 Lipa,
1640 889 1816 933 capitaneo
1843 885 2006 921 Moraviae
2041 891 2074 921 et
2101 898 2174 921 cae-

298 952 377 984 teris
413 948 637 983 beneficiariis
675 947 781 991 datas,
816 947 969 982 homines
1010 950 1178 994 praepositi
1213 952 1245 982 et
1277 950 1471 982 monasterii
1512 947 1769 994 Raygradensis
1802 947 1844 982 ab
1879 947 2033 983 omnihus
2068 948 2174 995 culpis

298 1010 424 1053 eximit,
454 1014 488 1044 ut
517 1022 533 1043 a
564 1009 671 1043 multis
699 1012 886 1056 praessuris,
917 1008 1035 1055 quibus
1063 1012 1167 1044 variis
1197 1009 1303 1044 modis
1332 1009 1440 1043 affecti
1469 1014 1556 1053 sunt,
1586 1013 1754 1056 respirare
1781 1009 1928 1044 valeant.
1971 1009 2024 1044 Dt.
2056 1009 2173 1055 Pragae

298 1071 339 1106 Υ.
370 1071 447 1106 ldus
474 1071 563 1105 Junii
594 1071 705 1105 1327.

610 1151 644 1181 (E
670 1150 746 1186 copia
773 1150 798 1177 in
824 1150 935 1177 archivo
960 1150 1186 1186 archiepiscopali
1211 1150 1348 1178 Cremsirii
1373 1150 1491 1178 extraxit
1512 1151 1576 1178 Ant.
1602 1151 1736 1183 Boezek.)

1129 1254 1332 1290 CCCXLIV.

297 1327 418 1361 ,lm-ata·
458 1326 672 1371 Iylare'euses
715 1330 977 1371 recoffimsezmt.
1008 1330 1070 1371 jus
1107 1330 1318 1372 patronatus
1362 1327 1521 1360 eeclesiffl
1559 1328 1593 1360 m
1640 1327 1798 1363 lVe‘lamls
1842 1327 1887 1361 ad
1930 1328 2176 1372 721·oyetez’lor'es

301 1389 500 1429 (ier-drudes.
531 1388 663 1422 relic-tw
695 1388 848 1423 Conracli
875 1388 1100 1432 schoht-onis,
1131 1389 1282 1422 eom-izvis
1309 1390 1469 1433 vpsornm,
1500 1387 1544 1422 ab
1564 1390 1706 1437 antiquo
1724 1390 1946 1434 pertinuisse.
1976 1388 2037 1423 Dt.
2060 1388 2177 1423 Idibus

1109 1450 1216 1493 semeis,
1248 1449 1360 1484 1327.

471 1499 561 1554 Nos
590 1519 750 1554 Nicolaus
781 1519 956 1563 Gundoldi,
992 1520 1105 1563 iudex,
1142 1532 1183 1554 ac
1217 1520 1324 1554 Jurati
1361 1520 1583 1565 Iglauienses‚
1614 1520 1906 1566 Recognosciinus
1939 1525 1971 1555 et
2006 1525 2175 1556 testamur.

299 1581 394 1622 Quod
423 1584 618 1615 conuocatis
647 1580 688 1614 ad
716 1586 865 1615 nostram
907 1585 1108 1628 presentiam
1137 1581 1285 1628 pluribus
1313 1585 1436 1616 nostris
1467 1581 1662 1617 conciuibus
1691 1581 1890 1625 senioribus,
1934 1593 2072 1628 quorum
2100 1593 2178 1616 me—

298 1646 403 1676 moria
433 1642 473 1676 ad
502 1644 682 1687 sexaginta
712 1654 831 1686 annos,
862 1647 894 1677 et
923 1643 1005 1677 ultra
1033 1655 1070 1678 se
1100 1643 1262 1687 extendit,
1293 1643 1333 1677 ab
1364 1646 1444 1690 ipsis
1466 1643 1650 1687 didicimus,
1675 1648 1708 1678 et
1723 1644 1996 1678 certitudinaliter
2010 1643 2176 1678 informati

299 1715 424 1745 sumus,
456 1702 550 1745 Quod
579 1703 836 1750 Juspatronatus
866 1704 1012 1739 ecclesie
1041 1707 1074 1738 in
1102 1704 1308 1751 Byelandes,
1338 1705 1378 1739 ad
1407 1708 1643 1751 progenitores
1672 1705 1805 1739 domine
1843 1704 2020 1749 Gedrudis,
2062 1705 2177 1739 relicte

299 1764 444 1798 Conradi
487 1764 707 1809 Scliohronis,
742 1768 795 1811 pie
832 1769 1005 1809 memorie,
1042 1766 1120 1800 olim
1149 1769 1300 1802 concinis
1328 1769 1445 1810 nostri,
1488 1766 1695 1801 exliibitricis
1722 1770 1947 1813 presencium,
1977 1766 2175 1801 hereditarie

299 1828 455 1872 pertinuit
483 1831 514 1859 et
544 1826 652 1860 adlnic
681 1826 722 1860 ad
753 1829 858 1872 ipsam
888 1832 921 1861 et
949 1827 1092 1862 heredes
1121 1830 1205 1871 eins,
1237 1827 1277 1862 de
1306 1830 1377 1862 iure
1406 1828 1589 1863 dinoscitur
1617 1830 1796 1874 pertinere,
1827 1828 1953 1862 Harum
1987 1831 2175 1862 nostrarum

301 1890 488 1921 testimonio
518 1888 697 1922 literarum.
727 1888 848 1922 Datum
878 1888 1018 1934 Iglauie,
1062 1900 1149 1923 anno
1179 1889 1303 1924 domini
1329 1889 1518 1933 Millesimo,
1548 1892 1795 1933 trecentesimo,
1831 1892 1993 1924 vicesimo
2021 1891 2174 1935 septimo,

300 1947 377 1983 Idus
406 1947 507 1982 Junii.

612 2003 665 2032 (Ex
691 2002 816 2037 originali
841 2012 899 2030 enin
924 2003 1016 2038 sigillo
1041 2007 1174 2031 consueto
1200 2004 1225 2030 in
1247 2004 1357 2031 archivo
1373 2004 1489 2031 civitatis
1511 2004 1671 2039 lglax-iensis
1696 2004 1783 2032 deser.
1805 2004 1866 2031 Ant.
1890 2003 2021 2036 ssoczek.)

1148 2116 1335 2151 CCCXLV.

300 2184 423 2228 Hira-0,
467 2184 597 2219 electus
642 2185 875 2220 ()l0maeen.s-is
910 2188 1104 2232 episcopus„
1148 2191 1309 2231 testatur,
1344 2188 1509 2222 Milici'um
1544 2190 1585 2223 de
1619 2189 1762 2222 Νάηιὲὲί
1804 2187 1920 2221 alim-e
1956 2189 1990 2221 ίιι
2024 2188 2176 2222 ecclesia

302 2246 453 2280 Olomue.
490 2248 739 2285 constravisse.
776 2248 926 2294 illudque
964 2248 1017 2283 ΓΙ.
1048 2250 1174 2283 marcis
1203 2251 1310 2283 (ιηηιιί
1342 2250 1494 2284 redditus
1528 2251 1561 2284 ’ἱιι
1595 2249 1678 2283 ‘villa
1725 2248 1858 2282 Ultores
1887 2260 1999 2294 prope
2032 2249 2175 2284 Milonz'c

764 2310 915 2343 ‹lutat-se.
953 2309 1013 2343 Dt.
1047 2311 1219 2354 olomuez,
1244 2312 1359 2356 pridie
1388 2312 1469 2346 Idus
1497 2311 1585 2346 ‚Iulii
1614 2309 1723 2344 1327.

475 2375 606 2429 ¹¹tnc⁰
638 2417 682 2420 —
712 2395 846 2430 Elei-tus
877 2397 1028 2432 Olonnic.
1062 2420 1104 2423 —
1138 2399 1177 2432 ad
1208 2402 1442 2434 vninersorum
1473 2400 1626 2432 noticiam
1670 2397 1850 2433 deserimus
1884 2420 1925 2423 —
1958 2399 2045 2445 quod
2087 2410 2175 2433 con-

301 2458 430 2490 stitutus
472 2456 600 2491 Nobilis
638 2459 690 2491 vir
725 2457 878 2491 dominus
912 2456 1095 2494 Miliscliius
1132 2459 1173 2494 de
1207 2459 1386 2501 Namescz,
1425 2463 1458 2494 in
1495 2463 1607 2493 nostra
1637 2463 1669 2493 et
1696 2460 1828 2506 capituli
1863 2463 1967 2495 nostri
1997 2463 2173 2507 presencia

301 2516 431 2562 publice
461 2521 671 2563 rocognouit,
702 2530 738 2553 se
768 2521 798 2552 in
830 2518 975 2564 predicta
1005 2525 1119 2554 nostra
1150 2521 1364 2556 Oloniucensi
1394 2521 1538 2555 ecclesia
1571 2541 1612 2544 J
1647 2520 1686 2554 de
1716 2521 1834 2555 fauore
1862 2526 1895 2556 et
1924 2522 2062 2556 licencia
2098 2522 2173 2556 olim

303 2577 409 2611 felicis
438 2579 700 2621 recordacionis,
737 2580 860 2613 domini
895 2580 1040 2614 Com-adi
1082 2582 1334 2627 predecessoris
1371 2584 1486 2624 nostri,
1523 2586 1555 2615 et
1583 2582 1714 2628 capituli
1754 2604 1788 2607 ——
1823 2594 1962 2617 assensu
1993 2583 2096 2618 altare
2129 2604 2170 2607 —

302 2642 408 2672 sancti
450 2639 572 2674 Matliei
610 2644 852 2685 construxisse,
896 2641 1039 2687 illudque
1075 2643 1115 2677 de
1152 2655 1216 2678 sex
1257 2646 1379 2677 marcis
1411 2663 1452 2667 -
1486 2645 1585 2676 annui
1620 2643 1766 2678 redditus
1802 2665 1839 2668 -
1874 2647 1905 2678 in
1936 2644 2011 2678 villa
2041 2644 2174 2692 Vlicrcz
