2325 2941
1191 146 1239 181 52

1150 261 1285 299 LXXII.

456 303 597 368 Konig
617 323 748 360 Johann
775 338 841 361 von
864 327 1013 364 Bohmen
1035 330 1213 378 bestatiget
1240 337 1338 370 einen
1360 336 1455 371 Brief
1470 336 1528 372 des
1549 337 1700 382 Koniges
1721 334 1848 370 Otakar
1866 335 1949 371 uber
1975 336 2028 371 die
2050 337 2148 371 Aus-

282 387 422 429 setzung
443 384 501 418 der
522 383 617 419 Stadt
636 385 820 422 Krenowic
839 388 1070 437 (Kranowitz)
1091 393 1155 427 und
1175 397 1287 441 einige
1308 396 1552 444 Begabungen.
1576 398 1653 433 Dto.
1675 397 1774 442 Prag.
1795 396 1852 431 IV.
1868 396 2014 443 August.
2034 397 2144 433 1313.

589 452 659 485 (Aus
683 452 731 480 der
753 453 933 490 Restatigung
967 456 1016 484 der
1038 458 1200 494 Privilegien
1233 461 1282 489 der
1311 467 1465 498 genannten
1495 464 1573 491 stadt
1606 464 1689 492 durch
1719 464 1749 491 K.
1774 462 1926 490 Ferdiuaud
1954 464 1998 491 ffl-
2032 472 2094 492 '⁰¹¹¹
2117 464 2141 492 J·

699 505 788 534 1639.
814 507 976 542 mitgetlieilt
1000 519 1052 538 von
1077 511 1118 539 Fr.
1144 513 1249 549 Tiller.)

1136 589 1286 627 LXXIII.

395 649 545 684 Tertium
575 654 811 685 testamentum
847 651 1040 697 Techoncog
1077 658 1238 691 canonica·
1270 658 1516 694 Olonmeensis.
1546 660 1672 694 Actum
1705 659 1869 694 Olomutz'i
1894 659 1949 693 die
1976 659 1998 693 Ι
2003 659 2039 695 V.

863 719 1107 750 coronatorum
1136 717 1346 754 Sanctorum
1374 720 1486 755 1313.
1517 721 1558 765 ᾗ]

453 760 499 815 ln
532 784 665 815 nomine
693 781 825 817 Domini
855 783 977 819 Amen.
1007 785 1081 831 Ego
1111 787 1323 824 Techoncius
1360 793 1544 825 canonicus
1582 790 1826 834 Olomucensis‚
1863 802 1945 825 sana
1974 795 2085 826 mente
2113 795 2145 826 et

280 845 410 887 integra
440 845 576 877 racione
603 846 724 887 sciens,
755 844 841 890 quod
870 845 968 880 nichil
997 852 1045 881 est
1075 852 1203 883 cercius
1232 856 1338 886 morte
1367 856 1399 886 et
1428 852 1530 887 nichil
1558 856 1607 886 est
1641 854 1806 887 incercius
1834 852 1917 886 hora
1945 854 2074 896 mortis,
2103 851 2145 887 de

277 903 378 938 rebus
420 903 517 938 michi
547 916 566 937 a
594 904 668 939 Deo
701 905 827 940 collatis
863 905 950 941 facio
985 913 1016 942 et
1051 909 1160 944 condo
1202 923 1312 947 meum
1347 917 1580 948 testamentum
1615 912 1772 949 subhac
1804 912 1923 947 forma.
1965 912 2003 947 In
2032 915 2145 960 primis

279 965 356 1010 lego
384 976 444 1011 pro
473 976 575 1011 opere
603 965 756 1001 Ecelesie
785 967 1018 1004 OlomucensIs
1046 970 1103 1005 III.
1134 983 1264 1007 marcas
1291 973 1374 1008 Item
1410 974 1552 1008 dominis
1587 977 1669 1008 meis
1707 986 1767 1020 pro
1800 974 2049 1008 consolacione.
2085 973 2143 1009 ΙΙΙ.

280 1037 420 1060 marcas.
451 1026 532 1060 Item
561 1029 697 1061 vicariis
726 1023 799 1062 cu'm
828 1028 990 1075 Magistro
1018 1031 1058 1065 II.
1094 1043 1236 1077 marcas,
1267 1034 1349 1068 Item
1378 1035 1589 1082 prebendatis
1624 1035 1648 1069 I.
1680 1046 1827 1069 marcam
1854 1046 1952 1081 quam
1980 1034 2144 1069 Dominus

281 1086 427 1121 Ortolfus
456 1090 488 1121 in
517 1091 599 1122 meis
629 1088 821 1124 Tricesimis
850 1093 929 1137 ipsis
958 1092 1128 1128 distribuet
1156 1094 1241 1129 infra
1270 1107 1405 1140 annum,
1441 1096 1523 1131 Item
1562 1085 1640 1142 lego
1675 1096 1831 1130 fratribus
1865 1095 2141 1142 predicatoribus.

278 1148 333 1182 III.
366 1160 506 1182 marcas.
537 1149 617 1183 Item
659 1149 814 1185 fratribus
856 1152 1049 1188 mInorihus.
1092 1154 1132 1189 ΙΙ.
1161 1167 1304 1191 marcas.
1348 1157 1429 1191 Item
1458 1157 1654 1192 dominabus
1689 1157 1730 1192 de
1765 1157 1890 1191 Sancto
1924 1156 2065 1191 Jacob0.
2100 1156 2140 1191 11.

279 1220 420 1244 marcas.
464 1210 545 1244 Item
581 1210 777 1246 dominabus
811 1213 846 1247 S.
883 1213 1074 1250 Katherine.
1112 1216 1137 1250 I.
1173 1228 1329 1252 marcam.
1366 1218 1449 1253 Item
1490 1218 1686 1253 dominabus
1722 1218 1757 1253 S.
1789 1217 1897 1252 Clare.
1928 1217 1953 1252 1.
1984 1229 2142 1253 marcam.

277 1270 358 1304 Item
400 1270 536 1306 infirmis
578 1275 609 1306 in
639 1272 799 1320 Hospitali
833 1274 856 1308 I.
891 1286 1048 1311 marcam.
1085 1277 1166 1312 Item
1194 1278 1288 1313 fratri
1320 1279 1458 1327 Mathye
1490 1291 1653 1326 germano
1686 1290 1772 1315 meo.
1808 1279 1850 1314 V.
1887 1290 2029 1313 marcas.
2064 1279 2146 1314 Item

277 1331 368 1365 fratri
400 1332 594 1367 Benedicto.
624 1333 798 1369 fertonem.
827 1335 908 1370 Item
936 1336 1080 1372 Micsoni
1108 1343 1244 1385 pastori.
1274 1340 1298 1375 Ι.
1331 1352 1490 1376 marcam.
1520 1341 1601 1376 Item
1623 1341 1744 1376 IVeIce
1766 1345 1910 1386 cognate
1938 1351 2024 1375 mee.
2055 1340 2144 1386 lego.

278 1392 350 1427 IIII.
381 1405 510 1428 marcas
540 1399 571 1428 et
600 1406 739 1430 vaccam
768 1408 831 1442 que
861 1403 910 1432 est
939 1401 970 1433 in
999 1399 1108 1434 domo.
1139 1406 1181 1435 et.
1211 1401 1237 1436 I.
1267 1401 1414 1436 modtum
1442 1405 1550 1437 tritici.
1580 1407 1613 1436 et
1645 1402 1744 1436 alium
1766 1402 1917 1447 silliginis
1943 1401 1984 1435 de
2012 1412 2145 1437 annona

276 1465 340 1499 que
369 1459 419 1488 est
446 1457 478 1488 in
508 1455 617 1490 domo.
647 1456 728 1491 Item
757 1458 892 1493 Stance.
922 1459 947 1494 I.
979 1472 1135 1496 marcam.
1165 1467 1207 1496 et.
1230 1462 1302 1497 IIII.
1332 1474 1416 1498 oves
1445 1468 1477 1498 et
1498 1463 1632 1510 pallium
1652 1463 1775 1510 duplex
1796 1463 1913 1497 ruffum
1935 1467 1967 1497 et
1986 1461 2144 1497 ssaveum.

277 1515 358 1549 Item
394 1516 570 1552 Bratrusse
605 1517 631 1552 I.
668 1519 811 1553 modium
846 1520 985 1566 siliginis
1014 1527 1045 1556 et
1074 1522 1113 1557 II.
1144 1534 1236 1558 oues.
1267 1523 1349 1558 Item
1383 1523 1542 1559 MIculoni
1575 1524 1698 1559 famulo
1733 1535 1809 1559 meo
1838 1524 1891 1558 do,
1920 1523 1978 1558 III.
2014 1523 2145 1558 modios

277 1579 430 1623 silliginis
459 1583 500 1612 et.
532 1578 571 1613 11.
603 1591 740 1614 vaccas.
770 1586 801 1615 et
823 1580 895 1615 IIII.
926 1593 1019 1617 oues.
1050 1583 1129 1618 Item
1158 1584 1260 1619 Paulo
1289 1585 1447 1620 carnifici.
1477 1585 1502 1620 l.
1532 1586 1678 1620 modium
1707 1585 1871 1631 silliginis.
1901 1589 1944 1619 et.
1968 1584 2039 1618 IIII.
2063 1595 2146 1619 oues

278 1645 320 1674 et.
351 1640 374 1674 1.
406 1640 576 1686 poledrum
606 1644 697 1675 istius
727 1645 803 1676 anni
833 1643 873 1677 de
903 1643 1064 1690 Topolan.
1096 1645 1176 1679 Item
1199 1646 1275 1691 lego
1298 1646 1340 1681 ΙΙ.
1371 1647 1499 1682 modios
1528 1647 1682 1693 silliginis
1704 1645 1903 1681 monialibus
1923 1644 2146 1680 residentibus

279 1706 355 1735 ante
396 1702 574 1736 ecclesiam
611 1703 725 1737 Sancti
754 1703 852 1738 Petri.
882 1704 962 1739 Item
992 1711 1069 1752 aput
1101 1706 1221 1742 fratres
1257 1711 1402 1743 minores
1438 1711 1469 1743 in
1505 1708 1658 1755 Znoyma
1692 1712 1769 1743 sunt
1801 1707 1859 1741 XI.
1897 1707 1996 1741 modii
2031 1709 2145 1752 magni

278 1763 441 1800 silliginis.
472 1768 502 1797 ct
531 1763 570 1797 II.
600 1764 699 1798 modii
743 1777 852 1799 avene
881 1766 921 1799 de
951 1766 1012 1801 hac
1054 1779 1186 1802 annona
1222 1769 1299 1814 lego
1335 1769 1486 1804 Rodconi
1521 1770 1699 1805 sacerdoti.
1728 1768 1785 1803 Vl.
1815 1768 1944 1803 modi05
1979 1768 2143 1813 silliginis.

285 1824 365 1858 Item
394 1824 480 1858 vni.
512 1837 641 1860 marcas
676 1826 826 1872 relinquo
862 1832 1116 1863 testamentariis
1151 1841 1211 1876 pro
1240 1830 1458 1866 seruitoribus
1498 1836 1535 1866 vt
1562 1834 1591 1865 si
1619 1832 1672 1876 qui
1713 1832 1867 1864 venerint
1909 1831 2147 1863 testamentarii

284 1888 334 1919 eis
364 1886 557 1931 prouidcant
585 1892 680 1933 prout
708 1891 757 1922 eiS
787 1888 952 1923 videbitur
981 1890 1154 1937 expedire.
1185 1891 1266 1925 Item
1295 1891 1427 1926 domum
1454 1903 1562 1926 meam
1589 1891 1631 1926 do
1657 1890 1866 1925 IVencezlao
1892 1901 1967 1924 cum
1995 1889 2148 1924 omnihus

286 1947 572 1993 Suppellectilibus
608 1951 710 1994 ipsius
746 1950 873 1984 domus.
917 1950 996 1985 Item
1025 1963 1109 1997 rogo
1139 1952 1290 1988 dominos
1319 1965 1412 1989 meos
1441 1956 1524 1988 sicut
1552 1955 1585 1987 in
1612 1955 1714 1999 priori
1743 1955 1939 1987 testamento
1968 1953 2086 1996 rogaui
2115 1955 2149 1985 ut

284 2008 428 2054 sepeliar
457 2010 486 2042 in
516 2010 640 2055 capella
671 2010 783 2045 Sancti
813 2011 920 2057 Egidii
949 2023 1046 2058 quam
1076 2013 1174 2048 rebus
1203 2017 1285 2049 meis
1315 2014 1436 2049 dotaui.
1470 2019 1502 2049 et
1531 2014 1606 2059 lego
1634 2013 1758 2048 honum
1785 2017 1894 2059 tapete
1936 2011 2079 2046 ecclesie
2115 2014 2148 2046 in

285 2081 358 2103 mea
399 2070 578 2115 sepultura.
621 2071 696 2105 Alia
739 2075 848 2106 omnia
883 2077 1052 2109 committo
1094 2075 1205 2121 probis
1246 2078 1328 2110 vlris
1368 2080 1401 2110 et
1440 2075 1617 2121 fidedignis
1658 2075 1792 2110 domino
1827 2072 1978 2108 Fabiano
2020 2071 2147 2108 custodi

286 2130 500 2165 Olomucensi
529 2135 561 2164 ct
589 2131 715 2166 Ortolfo
745 2136 872 2168 vicario
903 2138 983 2169 meis
1011 2139 1269 2171 testamentariis
1298 2141 1334 2171 vt
1361 2137 1402 2171 de
1431 2148 1504 2171 mea
1533 2137 1700 2183 sepultura
1728 2139 1761 2170 et
1789 2136 1966 2169 tricesimis
1999 2138 2030 2168 ct
2059 2143 2148 2168 anno

283 2194 399 2237 gracie
428 2194 521 2237 equis
545 2193 701 2236 jumentis
730 2195 906 2240 pecoribus
934 2196 1094 2231 vesthus.
1126 2197 1334 2232 lectisterniis
1371 2197 1455 2232 ciffis
1490 2200 1660 2243 argenteis
1688 2195 1779 2230 libris
1814 2199 1847 2229 et
1875 2194 1916 2229 de
1944 2197 2087 2229 annonis
2115 2198 2148 2229 et

284 2252 437 2287 omnibus
467 2247 565 2287 rebus
595 2257 676 2288 ineis
712 2255 884 2291 mobilibus
912 2262 943 2291 et
972 2258 1192 2293 immobilibus
1221 2258 1355 2301 faciant,
1385 2259 1539 2294 ordinent
1565 2263 1598 2293 et
1625 2257 1802 2304 disponant
1829 2260 1925 2303 prout
1953 2258 2001 2291 eis
2029 2255 2147 2291 meIIus

285 2314 449 2348 videbitur
482 2315 654 2361 expedire.
684 2316 769 2350 Acta
799 2322 873 2351 sunt
900 2318 961 2352 bec
991 2321 1021 2353 in
1053 2320 1224 2356 Olomucz.
1255 2320 1355 2355 Anno
1383 2320 1516 2354 Domini
1544 2317 1782 2354 M.CCC.X111.
1812 2320 1845 2352 in
1875 2317 1927 2352 die
1956 2321 2147 2352 sanctornm

285 2376 355 2410 IIII.
379 2381 613 2410 coronatorum
643 2378 852 2423 presentibus
879 2379 941 2423 liijs
969 2381 1104 2415 testibus
1131 2382 1265 2416 domino
1288 2381 1415 2415 decano
1437 2380 1595 2415 Budizlao
1625 2379 1839 2413 Oloniucensi
1864 2379 2050 2425 Symoncio
2072 2380 2148 2412 vice

286 2437 558 2483 Areliydiacono.
601 2438 738 2472 Andrea
774 2441 911 2473 vicario.
952 2441 1139 2476 Cbonrado.
1171 2442 1370 2489 presbytero
1412 2446 1443 2476 et
1472 2442 1544 2476 aliis
1580 2452 1677 2487 quain
1712 2439 1858 2486 pluribus
1891 2439 2077 2485 lidedIgrsts,
2108 2438 2147 2473 Et

284 2510 349 2537 ego
379 2499 591 2534 'l'ecboncius
621 2511 703 2544 rogo
746 2512 819 2534 cum
849 2501 991 2536 lacriniis
1033 2507 1064 2536 et
1094 2508 1169 2549 peto
1199 2503 1361 2537 humiliter
1402 2503 1568 2537 (lominum
1602 2501 1764 2535 decanum
1809 2501 2078 2535 (Iloniucenseiu.
2116 2504 2149 2534 ct

284 2559 451 2594 dominum
480 2561 650 2595 custodem
680 2561 827 2596 eiusdem
856 2561 1008 2597 EcclesIe
1038 2568 1069 2597 ut
1099 2564 1159 2598 bec
1189 2564 1293 2598 littera
1323 2575 1436 2598 corum
1466 2563 1583 2608 sigillis
1613 2562 1796 2597 roboretur.

596 2629 648 2658 (Ex
674 2627 804 2662 Originati
829 2627 854 2654 in
885 2629 994 2655 archim
1020 2630 1126 2664 capituli
1152 2629 1338 2657 Otomucensis
1364 2629 1480 2664 copiaxit
1507 2630 1568 2656 Ant.
1595 2629 1725 2657 Boczek.)

369 2694 461 2718 (lons-q-
481 2704 522 2719 d...
540 2680 611 2719 Hm
633 2700 655 2720 οι
680 2695 751 2720 ¹312.
773 2702 806 2723 ιη.
828 2696 874 2721 xv.
896 2700 917 2721 οι
940 2696 1006 2722 mi>
