2357 3021
161 276 203 310 ad
233 278 441 310 incrementa
471 274 621 317 honoris,
645 272 812 307 commodi
841 277 874 307 et
895 272 1044 307 vtilitatis
1073 274 1197 305 ciuium
1226 283 1265 305 ac
1295 274 1438 306 ciuitatis
1467 276 1581 307 nostre
1605 272 1841 307 Olomucensis
1868 275 2057 319 aspirantes

161 337 353 383 benignius„
397 336 534 381 dignum
561 339 676 370 nostra
707 334 855 369 decernit
885 337 1063 377 serenitas,
1098 337 1135 368 vt
1163 336 1238 379 quia
1275 336 1393 369 ciuitas
1426 338 1541 369 nostra
1577 333 1824 379 Olomucensis‚
1854 337 1939 369 inter
1974 335 2058 369 alias

161 402 316 434 ciuitates
346 402 380 432 et
407 398 530 445 oppida
560 402 647 432 terre
677 401 792 431 nostre
821 396 974 430 Morauie
1004 392 1225 442 principatum
1261 400 1293 430 et
1321 396 1432 430 locum
1461 395 1588 430 obtinet
1624 397 1854 444 principalem,
1893 397 2056 443 singulari

161 464 263 496 etiam
292 462 509 507 prerogatiua
539 459 719 504 diguitatis.
754 470 814 505 per
850 470 949 504 quam
984 469 1045 505 pre
1083 458 1156 503 alijs
1188 460 1344 492 visitetur
1377 457 1567 493 ciuitatibus
1601 462 1633 492 et
1667 459 1842 493 attollatur.
1880 458 1925 493 Vt
1958 462 2059 503 igitur

162 523 250 557 dicta
281 525 401 556 ciuitas
430 526 545 556 nostra
575 520 811 555 Olomucensis
842 525 1066 554 mercatorum
1090 524 1124 554 et
1145 520 1285 554 aliorum
1315 520 1402 554 dict-e
1424 524 1512 554 terre
1536 524 1650 554 nostre
1672 520 1838 564 Morauiez
1864 526 1895 555 et
1918 521 2058 555 aliarum

163 587 307 632 partium
337 595 376 618 ac
414 588 578 618 terrarum
622 582 857 617 adiacentium.
903 582 1087 616 incolarum
1130 582 1408 627 frequentationis
1451 582 1630 617 decoretur
1672 594 1827 617 accessu.
1871 586 2056 618 statuimus.

162 646 357 680 ordinamus
387 650 419 680 et
447 646 614 680 volumus.
644 649 679 678 xst
708 647 740 678 in
770 648 841 691 ipsa
872 647 1006 678 ciuitate
1036 649 1149 678 nostra
1181 644 1399 678 tllomucensi
1429 644 1576 678 nundine
1606 647 1678 679 siue
1707 644 1816 678 forum
1852 645 1996 679 annuale
2025 648 2057 679 in

162 707 250 743 festo
279 707 522 742 Pentbecostes
551 718 612 753 pei·
640 710 742 740 totam
771 709 995 752 septimanam
1026 709 1130 753 ipsius
1159 705 1349 740 festiuitatis
1386 709 1482 740 annis
1512 706 1653 752 singulis
1690 709 1723 740 in
1760 710 1857 740 antea
1888 710 2059 753 perpetuis

164 769 376 816 temporibus
401 768 613 803 observetur.
650 767 691 802 Et
719 772 755 802 vt
784 768 907 802 dictum
937 768 1081 802 annuale
1106 767 1214 802 sorum
1245 780 1262 801 a
1286 767 1530 802 mercatoribus
1555 773 1586 802 et
1610 768 1684 813 alijs
1707 767 1905 813 quibuslibet
1930 769 2057 804 accedi.

162 835 196 865 et
224 831 265 865 ab
295 842 336 865 eo
366 830 478 864 recedi
522 833 627 876 possit
669 830 889 875 commodius.
934 830 1140 864 ordinamus.
1185 834 1216 863 et
1245 830 1412 873 volumus,
1456 835 1490 864 vt
1534 841 1653 864 omnes
1696 834 1728 864 et
1772 830 1892 875 singuli
1936 831 2057 864 dictum

163 892 310 927 annuale
339 892 449 926 forum
479 892 695 935 accedentes,
726 897 758 926 et
787 892 827 926 ab
858 904 899 926 co
929 892 1142 935 recedentes,
1177 903 1397 938 quascunque
1427 904 1559 927 merces
1593 892 1650 927 vel
1685 904 1740 926 res
1774 892 1975 926 adduxerint
2003 893 2058 927 vel

164 954 372 998 reduxerint,
403 965 421 988 a
451 953 618 990 solutione
647 953 822 988 cuiuslibet
853 954 1000 988 thelonei
1028 957 1134 988 nostri
1170 954 1308 1000 regalis,
1346 954 1387 988 ad
1425 958 1501 988 octo
1536 954 1607 989 dies
1636 954 1744 988 dictas
1778 954 1946 988 nundinas
1975 966 2059 1001 pre-

162 1016 336 1054 cedentes,
366 1020 399 1049 et
427 1020 503 1050 octo
533 1015 605 1050 dies
634 1018 725 1062 ipsas
755 1016 935 1050 inmediate
955 1020 1158 1062 vsequentes5
1189 1019 1252 1050 sint
1283 1016 1425 1051 absoluti
1454 1019 1586 1063 penitus
1611 1021 1643 1050 et
1665 1019 1825 1062 exempti.
1855 1015 2059 1051 Mandautes

161 1077 280 1112 horum
310 1080 398 1112 serie
426 1080 597 1112 vniuersis
627 1082 659 1112 et
687 1078 828 1123 singulis
857 1077 1076 1123 thelonearijs
1104 1081 1227 1112 nostris
1256 1077 1441 1123 regalibus,
1474 1082 1540 1112 tam
1570 1081 1601 1112 in
1631 1078 1731 1119 villis,
1756 1089 1854 1124 quam
1879 1081 1911 1112 in
1934 1081 2060 1112 ciuita-

161 1139 248 1174 tibus
277 1151 338 1186 per
366 1143 468 1174 totam
510 1144 634 1174 terrain
676 1144 826 1175 nostram
868 1139 1021 1174 MoranIe
1063 1139 1300 1177 resideuthus„
1329 1139 1542 1187 presentibus
1585 1145 1617 1174 et
1645 1140 1776 1178 futuris„
1819 1152 1861 1174 ne
1906 1144 1979 1186 quis
2017 1140 2059 1175 ab

162 1201 417 1245 accedentibus,
453 1213 512 1236 seu
547 1201 765 1236 redeuntibus
802 1214 819 1236 a
854 1201 1013 1236 nundinis
1048 1201 1249 1245 huiusmodi,
1287 1202 1327 1236 ad
1362 1206 1438 1236 octo
1475 1202 1546 1237 dies
1582 1206 1672 1238 ante.
1711 1207 1744 1237 et
1779 1207 1854 1236 octo
1884 1202 1956 1237 dies
1986 1207 2061 1249 post

161 1263 295 1311 aliquod
324 1263 518 1308 thelonium,
549 1266 634 1298 sicut
662 1264 928 1309 indignationem
957 1267 1086 1310 regiain
1117 1267 1244 1298 euitare
1274 1264 1390 1310 diligit.
1421 1267 1538 1310 exigat
1566 1264 1622 1299 vcl
1652 1267 1810 1311 requirat.
1848 1264 1885 1299 In
1916 1276 2057 1310 quoram

161 1328 310 1360 omnium
340 1324 444 1360 robur
485 1330 517 1360 et
546 1329 772 1361 testimonium
814 1330 991 1373 presentes
1021 1326 1134 1361 literas
1177 1326 1247 1361 sieri
1283 1330 1315 1361 et
1356 1326 1473 1373 sigillis
1517 1329 1702 1361 maiestatis
1745 1331 1858 1361 nostre
1903 1330 2060 1362 iussimus

159 1387 329 1422 roborari.
368 1387 491 1422 Datum
520 1388 642 1434 Prage.
672 1387 713 1422 ΙΙ.
744 1387 915 1423 Kalendas
946 1388 1114 1424 Octobris.
1144 1388 1248 1422 Anno
1278 1388 1403 1423 domini
1432 1388 1610 1424 millesimo
1641 1392 1879 1423 trecentesimo
1916 1394 2059 1435 quarto-

163 1449 306 1494 decimo,
336 1461 520 1495 regnorum
548 1461 633 1485 vero
663 1455 853 1485 nostrorum
884 1462 972 1484 anno
1003 1455 1132 1496 quarto.

478 1517 532 1547 (Ex
558 1517 686 1552 originali
712 1515 771 1544 cui‘n
796 1517 890 1552 sigillo
916 1518 1051 1545 bilaterali
1076 1522 1192 1545 xennsto
1218 1519 1242 1545 in
1269 1517 1340 1545 curia
1360 1518 1545 1546 olomucensi.
1566 1519 1589 1545 ι1.
1609 1519 1628 1546 1.
1650 1518 1677 1546 4.
1697 1518 1843 1553 descripsit
1870 1520 1899 1545 A.
1926 1518 2057 1555 ssoczekji.

1025 1614 1195 1650 LXXXII.

338 1672 571 1729 Reinmndus
601 1693 641 1727 de
671 1693 911 1740 Licbtcnburg.
942 1694 1124 1742 Illetbyllisr¹
1155 1695 1277 1741 Agnes
1307 1700 1340 1730 et
1369 1696 1490 1741 Agnes
1521 1695 1730 1729 dominorum
1759 1694 1856 1729 bonae
1886 1698 2057 1729 memoria*

159 1755 353 1797 Haiinanni,
382 1755 594 1789 W'euceslai.
613 1755 808 1789 Zdenlwnis
830 1757 965 1793 relictze.
983 1761 1015 1791 et
1036 1757 1246 1792 Ilaiinannus
1270 1757 1347 1792 dicti
1372 1757 1572 1792 NVenceslai
1596 1756 1692 1793 filius.
1715 1757 1906 1791 concedunt
1927 1757 2058 1791 civibus

161 1817 555 1852 'sento—Brodensibus
592 1830 650 1864 pro
685 1818 909 1852 construenda
950 1819 1001 1853 illa
1037 1824 1131 1866 parte
1167 1823 1250 1854 muri
1288 1822 1445 1856 civitatis
1482 1831 1580 1865 quam
1624 1819 1745 1853 fratres
1780 1818 1936 1853 cruciferi
1973 1819 2058 1853 illius

161 1879 224 1915 loci
241 1882 376 1925 erigere
400 1879 573 1915 deberent.
596 1880 704 1914 adbuc
727 1883 823 1914 unius
847 1883 923 1914 anni
946 1880 1131 1915 libertatem
1153 1881 1193 1915 ab
1216 1884 1304 1915 ouini
1328 1884 1480 1915 servitio.
1506 1881 1559 1915 Dt.
1584 1881 1639 1915 III.
1663 1881 1740 1916 Idus
1763 1881 1919 1915 Octobris
1944 1881 2057 1915 1314.

477 1947 530 1980 (Ex
557 1947 683 1982 originali
709 1957 767 1974 cum
794 1948 900 1974 duobus
933 1951 1034 1974 tautum
1060 1948 1159 1983 sigillis
1185 1948 1210 1974 in
1236 1948 1348 1974 arcbivo
1375 1948 1497 1983 ejusdcm
1523 1948 1641 1975 cixiiatis
1668 1948 1798 1975 desunisit
1824 1950 1856 1975 Α.
1883 1949 2015 1981 ssoczek.)

1018 2044 1205 2079 Lxxxtll.

160 2109 396 2155 Magistratus
424 2112 580 2145 ee’ce‘lutis
613 2110 850 2145 Olonmcensis
879 2111 939 2145 (lat
970 2111 1122 2156 liudolfo
1151 2112 1192 2145 (le
1221 2111 1458 2157 Rudolfsdorf
1486 2116 1521 2147 et
1550 2112 1707 2147 Hem-ico
1743 2113 1784 2147 de
1814 2112 2066 2157 Set-(zlonsdorf

156 2175 267 2217 prata
300 2172 503 2218 Pyrkere'sen
541 2176 575 2207 el
612 2172 736 2207 rubeta
767 2171 820 2208 ‘ad
855 2185 980 2221 aquam
1018 2173 1183 2208 Moratur,
1223 2185 1290 2218 pro
1332 2174 1417 2209 filla
1458 2174 1625 2219 Neudorf
1653 2175 1812 2209 locanda.
1858 2175 1918 2209 Dt.
1956 2174 2056 2210 XVI.

859 2236 1009 2270 Kalend.
1039 2236 1216 2270 Jsmuare'I'.
1250 2235 1362 2270 1314.

338 2303 430 2358 lxos
460 2323 628 2359 Bohusius
657 2324 853 2358 aduocatus.
872 2324 1030 2360 consules
1049 2353 1055 2358 .
1073 2324 1201 2360 scabini
1218 2329 1250 2359 et
1266 2327 1469 2360 vniuersitas
1485 2327 1608 2360 ciuium
1626 2328 1658 2360 in
1676 2326 1872 2361 Olomuncz.
1904 2326 2057 2361 discretis

162 2386 246 2418 viris
274 2383 422 2419 Rudolso
452 2385 492 2419 dc
521 2385 743 2420 Rudolssdorf
768 2390 799 2420 et
829 2385 978 2420 Henrico
1016 2386 1056 2421 de
1087 2386 1330 2421 Swatonsdors
1356 2416 1362 2422 .
1394 2387 1509 2422 rubeta
1540 2392 1654 2422 nost-ra
1685 2387 1746 2422 sub
1776 2390 1911 2422 ciuitate
1941 2391 2055 2422 nostra

161 2456 283 2491 aquam
318 2445 494 2481 Morauain
532 2447 770 2483 descendendo
805 2451 956 2482 iacencia
992 2453 1024 2482 et
1059 2453 1151 2495 prata
1188 2448 1390 2496 Pyrkwiscn
1423 2478 1429 2484 .
1462 2479 1468 2484 .
1500 2462 1560 2497 pro
1594 2451 1686 2485 villa.
1731 2461 1830 2495 quam
1871 2448 2060 2484 Newsdorf

160 2518 392 2554 nuncupamus
423 2536 429 2542 .
461 2536 468 2543 .
499 2521 574 2543 cuin
603 2509 730 2544 XXIV.
762 2510 868 2545 laneis
898 2522 1057 2556 agrorum
1087 2510 1147 2545 sub
1178 2499 1336 2546 mensura
1367 2512 1541 2547 laneorum
1572 2513 1649 2547 ville
1680 2516 1793 2546 nostre
1822 2511 1986 2557 Holyczia
2023 2514 2056 2545 in

161 2568 289 2603 eisdem
318 2568 445 2605 rubetis
474 2570 616 2605 locanda
646 2571 822 2607 dedimus.
843 2601 849 2607 .
868 2572 916 2607 Ita
935 2601 968 2607 ..
994 2572 1163 2607 habebunt
1192 2575 1224 2607 in
1247 2573 1325 2608 villa
1355 2574 1513 2609 iudiciuin
1543 2586 1617 2609 cum
1651 2576 1755 2608 tercio
1786 2573 1926 2607 denario
1956 2601 1963 2607 .
1996 2577 2058 2607 ‚et

154 2630 358 2675 judica-bunt
386 2630 508 2666 ibidem
537 2636 690 2680 exceptis
719 2639 863 2680 quatuor
890 2637 1014 2670 causis.
1046 2634 1143 2669 salso.
1175 2639 1301 2682 stupro.
1331 2635 1525 2671 homicidio.
1557 2641 1590 2671 et
1619 2636 1718 2670 furto.
1752 2663 1758 2669 .
1792 2663 1798 2669 .
1832 2639 1864 2670 et
1886 2634 2057 2669 habebunt

161 2694 193 2727 in
219 2692 347 2739 judicio
379 2722 385 2728 .
413 2695 470 2739 jus
498 2698 613 2729 nostre
642 2698 785 2731 ciuitatis
817 2725 823 2730 .
854 2695 936 2731 Item
966 2695 1136 2731 babcbunt
1165 2696 1249 2732 duos
1278 2697 1395 2733 lancos
1420 2698 1557 2743 liberos,
1580 2709 1682 2732 unam
1711 2697 1885 2732 tabernam
1916 2696 2053 2732 liberam

1826 2757 1847 2788 8
