2341 3005
1045 155 1118 190 249

140 294 200 318 suo
228 294 296 317 non
324 284 426 329 petita
456 294 520 317 neo
548 281 683 317 obtenta
711 281 857 325 licentia,
887 283 1040 328 quamvis
1069 280 1159 314 illam
1187 279 1367 314 obtinuerit
1397 291 1414 314 a
1450 279 1577 314 dilectis
1607 279 1681 314 liliis
1711 278 1890 314 Conventu
1920 281 2024 325 ipsius

138 344 336 379 Monasterii
374 344 551 391 Syloensis
587 344 740 379 electioni
776 346 949 379 consensit
984 342 1109 386 eidem,
1146 345 1321 388 ipsamque
1354 344 1547 388 procuravit
1582 353 1642 388 per
1677 341 1833 376 dilectum
1868 340 2020 375 filium..

139 406 271 440 Patrem
295 405 463 440 Abbatem
492 405 643 440 eiusdem
670 405 832 440 Lucensis
853 404 1048 439 Monasterii
1078 403 1282 441 confirmari,
1313 415 1352 437 ac
1381 403 1442 437 sibi
1465 415 1482 437 a
1511 403 1697 437 venerabili
1722 402 1825 437 fratre
1853 407 1994 437 nostro.
2016 430 2023 436 .

138 467 306 514 Episcopo
347 466 565 502 Olomucensi
604 478 723 502 munus
758 466 1002 502 benedictionis
1043 465 1200 512 impendi.
1241 465 1384 511 dictique
1428 464 1627 499 Monastcrii
1667 464 1830 499 Lucensis
1878 468 2026 511 suscepit

138 531 293 574 regimen
322 534 353 563 et
386 540 423 563 se
451 531 595 575 ingessit
623 533 655 563 et
682 531 805 575 ingerit
832 528 1120 563 administracioni
1148 527 1310 561 Lucensis
1337 526 1534 561 Monasterii
1563 526 1726 573 prelibati.
1772 526 1884 568 Quare
1919 526 2025 561 dictus

139 589 323 625 Zacharias
344 602 404 625 suo
434 595 466 625 et
485 594 716 637 procuratorio
736 593 871 625 nomine
891 590 1041 637 predicto
1062 589 1226 624 humiliter
1246 589 1446 636 supplicavit
1469 593 1502 623 ut
1524 588 1740 634 dignaremus
1770 600 1812 622 an
1836 587 2025 622 huiusmodi
2050 621 2053 625 .

140 651 276 687 obtenta
309 652 451 686 licencia
480 656 513 686 et
548 663 735 687 consensus
770 655 926 699 prestitus
960 651 1179 686 subsisterent
1213 651 1402 695 declarare‚
1439 655 1472 685 et
1505 654 1532 686 si
1566 654 1721 685 carerent
1757 649 1881 684 iuribus
1918 649 2026 684 eidem

138 713 347 748 Monasterio
376 713 521 748 Lucensi
558 718 696 760 paterne
725 714 921 758 consulere,
959 724 997 747 ac
1035 716 1066 748 ei
1094 713 1135 747 de
1172 724 1318 760 persona
1351 713 1487 760 ydonea
1520 712 1712 759 providere.
1756 711 1827 746 Nos
1863 715 1964 757 igitur
1999 714 2026 746 si

139 779 304 822 premissa
341 778 484 810 veritate
525 778 673 810 nitantur
716 775 925 810 attendentes
964 778 997 809 in
1041 775 1206 809 electione
1245 774 1376 822 prefata
1420 774 1583 809 dictorum
1626 766 1822 808 Conventus
1864 773 2025 808 Lucensis

139 838 346 873 voluntatum
390 837 600 872 unicordium
642 840 796 872 extitisse
836 841 869 871 et
905 841 1085 884 propterea
1124 848 1185 883 pro
1228 836 1315 871 dicta
1357 837 1524 871 electione
1564 848 1605 871 ac
1642 847 1787 883 persona
1832 838 1880 870 sic
1920 835 2026 869 electa

139 898 386 945 quodammodo
413 903 648 946 presumentes
677 898 871 933 discretioni
898 900 1012 933 vestr'e
1046 910 1107 946 per
1135 899 1317 945 apostolica
1347 902 1471 945 scripta
1500 901 1724 932 commitimus
1759 902 1794 932 et
1828 897 2025 931 mandamus

139 963 296 1007 quatinus
323 972 388 995 vos
416 961 472 996 vel
501 960 566 995 duo
596 966 651 995 aut
672 973 758 995 unus
780 965 937 995 *vestrum
966 963 1102 1008 superni
1124 960 1230 1006 Regis
1259 960 1392 1007 pacifici
1421 963 1558 995 nomine
1587 963 1757 995 invocato.
1787 962 1816 994 si
1836 958 2027 993 Johannem

139 1023 267 1070 Lupum
301 1022 505 1058 Zachariam
537 1026 790 1070 prenominatos
829 1027 877 1057 et*
898 1023 981 1057 alios
1015 1022 1205 1057 Canonicos
1242 1022 1452 1069 supradictos
1486 1022 1527 1056 ad
1561 1033 1636 1056 eam
1675 1021 1839 1056 reducere
1875 1023 2027 1068 poteritis

140 1084 322 1120 concordie
350 1088 522 1129 unionem,
553 1084 642 1130 quod
677 1088 738 1132 ipsi
766 1084 949 1119 Zacharias
978 1088 1011 1119 et
1045 1084 1099 1118 alii
1130 1083 1292 1118 Canonici
1327 1089 1491 1128 annuant,
1526 1089 1561 1118 ut
1594 1083 1682 1118 idem
1711 1083 1886 1117 Johannes
1915 1082 2028 1128 Lupus

139 1151 314 1183 remaneat
342 1150 375 1181 in
403 1149 570 1193 regimine
598 1146 761 1181 Lucensis
790 1146 986 1181 Monasterii
1016 1146 1188 1189 antedicti7
1225 1146 1426 1180 electionem
1460 1146 1644 1193 predictam
1681 1148 1882 1180 auctoritate
1911 1148 2025 1179 nostra

139 1208 341 1244 confirmare
369 1212 493 1244 curetis
528 1209 720 1256 supplentes
754 1208 920 1255 prefatum
949 1207 1115 1244 defectum
1151 1211 1204 1254 qui
1234 1211 1266 1242 iu
1295 1219 1464 1243 consensu
1495 1207 1683 1242 huiusmodi
1721 1210 1901 1242 intervenit
1931 1209 2028 1252 eique

139 1260 305 1306 facientes
341 1282 360 1306 a
395 1274 465 1306 suis
497 1270 637 1306 subditis
671 1270 897 1305 obedientiam
933 1274 965 1305 et
997 1273 1225 1305 reverentiam
1261 1269 1405 1304 debitam
1445 1269 1611 1304 exhiberi.
1656 1269 1930 1304 Contradictores
1965 1279 2026 1314 per

139 1344 320 1368 censuram
354 1333 620 1368 ecclesiasticam
658 1332 883 1379 appellatione
916 1335 1099 1379 postposita
1137 1332 1397 1378 compescendo.
1442 1332 1622 1378 Recepturi
1658 1331 1699 1365 ab
1736 1342 1791 1383 eo·
1813 1329 2025 1378 postmodum

139 1399 255 1430 nostro
284 1399 317 1430 et
343 1395 497 1430 Ecclesie
526 1394 680 1429 Romane
709 1397 844 1429 nomine
873 1394 1037 1428 fidelitatis
1060 1394 1156 1428 solite
1185 1396 1407 1428 iuramentum
1430 1397 1522 1428 iuxta
1551 1393 1692 1428 formam
1718 1404 1816 1439 quam
1846 1392 1907 1427 sul)
1937 1391 2024 1425 hulla

139 1461 254 1491 nostra
282 1455 381 1491 vobis
410 1459 567 1491 mittimus
596 1456 810 1490 interclusam
839 1456 980 1490 formam
1009 1460 1119 1490 autem
1142 1456 1317 1490 iurameuli
1347 1456 1435 1501 quod
1464 1456 1569 1490 dietus
1597 1455 1773 1489 Johannes
1802 1454 1914 1501 Lupus
1943 1465 2027 1500 pre-

139 1517 239 1553 stabit
266 1517 362 1553 nobis
382 1530 443 1565 per
470 1523 604 1553 vestras
625 1518 751 1552 litteras
780 1529 841 1552 suo
863 1518 972 1563 sigillo
993 1521 1144 1563 signatas
1174 1530 1234 1564 per
1252 1521 1424 1565 proprium
1452 1521 1609 1552 nuncium
1630 1520 1821 1564 quantotius
1842 1517 2027 1551 destinetis.

140 1580 178 1614 Si
206 1591 289 1615 vcro
318 1580 468 1627 prefatos
497 1579 717 1623 Zachariam,
748 1580 831 1619 alios
861 1580 1054 1614 Canonicos
1090 1585 1121 1614 et
1151 1579 1340 1614 Johannem
1373 1579 1502 1626 Lupum
1536 1580 1577 1614 ad
1612 1582 1810 1626 premissam
1847 1577 2029 1612 concordie

139 1642 303 1676 reducere
331 1645 550 1688 nequiveritis
574 1644 743 1676 unionem.
773 1641 961 1676 huiusmodi
984 1642 1184 1676 electionem
1205 1646 1236 1676 ct
1265 1652 1468 1676 consensum
1489 1644 1600 1676 irritos
1630 1646 1661 1676 et
1685 1644 1803 1675 inanes
1833 1643 2029 1674 auctoritate

140 1704 332 1738 decernatis
360 1703 495 1747 eadem.
536 1707 567 1738 et
596 1708 670 1750 post
705 1703 892 1738 huiusmodi
923 1703 1093 1738 decretum
1128 1708 1278 1738 nostrum
1316 1703 1444 1738 eisdem
1481 1703 1671 1738 Conventui
1706 1703 1850 1737 Lucensi
1886 1702 2025 1736 liberam

140 1768 337 1800 auctoritate
352 1765 501 1813 predicta
522 1765 690 1800 licentiam
714 1765 921 1809 concedatis.
944 1770 977 1800 ut
993 1770 1119 1800 extunc
1144 1765 1184 1800 de
1204 1776 1295 1799 novo
1312 1765 1420 1799 eidem
1436 1765 1642 1799 Monasterio
1660 1764 1803 1799 Lucensi
1828 1763 2028 1811 provideant

138 1839 200 1875 per
232 1827 433 1862 electionem
468 1827 523 1862 vel
558 1828 815 1874 postulationem
853 1828 1058 1862 Canonicam
1093 1827 1133 1861 de
1170 1827 1316 1862 Abbate.
1367 1826 1530 1862 Volumus
1566 1832 1676 1862 autem
1713 1826 1801 1873 quod
1840 1825 2029 1861 huiusmodi

140 1889 311 1924 decretum
340 1894 491 1924 nostrum
521 1889 561 1923 ad
583 1893 860 1935 consequentiam
889 1901 957 1924 non
985 1889 1145 1924 trahatur.
1176 1888 1298 1923 Datum
1327 1889 1500 1923 Aviuione
1529 1888 1602 1923 1111.
1633 1888 1805 1923 Kalendas
1828 1887 2029 1923 Decembris

138 1950 241 1986 Anno
271 1951 469 1987 Undecimo.

456 2022 510 2060 (Ex
543 2023 714 2059 autographo
745 2023 866 2058 uegesio
895 2022 1039 2057 Johannis,
1064 2032 1139 2059 papae
1163 2023 1246 2052 xxti.
1275 2022 1337 2050 anni
1366 2023 1412 2050 xl.
1437 2026 1506 2058 part.
1537 2023 1556 2050 1.
1589 2032 1651 2059 pag.
1687 2022 1755 2051 163.
1790 2022 1869 2058 epist.
1905 2022 1974 2050 395.
2004 2022 2029 2048 iu

559 2076 708 2103 Tabutariis
735 2076 873 2103 Vaticanis
899 2076 1017 2112 copias-it
1043 2077 1087 2104 Dr.
1114 2077 1140 2103 B.
1165 2076 1276 2108 Dudik.)

995 2163 1174 2199 CCCXXI.

525 2235 778 2271 Testamentum
807 2235 910 2270 Petri
935 2236 1063 2269 ‘cic-arii
1092 2235 1338 2270 Olomucensi&
1368 2235 1498 2270 Actum
1528 2235 1641 2270 1327.

316 2294 460 2350 Petrus
487 2317 637 2351 vicarius
661 2337 704 2340 —
735 2314 968 2349 Olomucensis
996 2314 1152 2349 Ecclesie
1178 2336 1221 2339 —
1246 2319 1445 2349 testamento
1474 2315 1564 2360 legat
1591 2326 1695 2350 vnam
1723 2325 1874 2349 marcam
1902 2325 2026 2348 censos

140 2387 201 2424 pro
229 2379 464 2411 anniuersario
498 2388 559 2412 suo
594 2380 627 2412 in
661 2377 806 2412 ecclesia
838 2377 1055 2411 Olomucensi
1087 2398 1130 2401 —
1163 2387 1228 2422 que
1256 2388 1317 2423 pcr
1346 2376 1555 2421 Budislauim
1591 2377 1763 2411 Simonem
1794 2379 1959 2410 iuniorem
1998 2380 2029 2410 et

139 2437 332 2473 Johannem
359 2441 507 2473 vicarios
536 2444 750 2486 comparetur
781 2461 823 2464 -
856 2437 938 2473 Item
967 2437 1052 2473 duos
1081 2438 1217 2483 taneos,
1248 2449 1332 2485 quos
1361 2438 1402 2472 ad
1431 2442 1560 2473 curiam
1594 2437 1765 2485 prebende
1795 2449 1855 2473 suc
1884 2448 2029 2484 compa-

140 2503 229 2535 ravit
256 2500 364 2534 taliter
384 2500 640 2535 successoribus
670 2501 736 2545 dat,
767 2505 800 2535 ut
822 2504 854 2535 in
886 2502 1129 2535 anniuersariis
1151 2503 1221 2535 suis
1249 2500 1395 2535 ecclesie
1417 2500 1635 2535 Olomucensi
1658 2522 1700 2525 —
1726 2511 1829 2535 vnum
1859 2499 2029 2534 lothonem

141 2560 285 2596 tribuant
310 2582 354 2586 —
379 2561 440 2596 sul)
469 2561 588 2607 sigillis
613 2583 657 2587 —
686 2562 869 2598 Jenczonis
898 2562 1018 2596 decani
1047 2566 1079 2596 et
1106 2565 1258 2607 magistri
1288 2562 1452 2610 Stephani
1481 2562 1711 2597 archidiaconi
1740 2561 1968 2608 Znoymensis
1997 2565 2029 2595 ct

139 2625 293 2657 canonici
323 2622 571 2660 olomucensis.
601 2623 703 2658 Anno
733 2624 855 2659 domini
884 2622 1229 2659 M‘tCCC‘tJLXVHO.

457 2693 491 2731 (E
517 2694 613 2721 codice
638 2704 663 2722 n.
690 2695 720 2723 11.
747 2696 764 2723 f.
782 2695 830 2724 98.
856 2695 881 2723 in
907 2696 1018 2722 archivo
1044 2695 1153 2730 capituli
1179 2695 1368 2723 Olomucensis
1384 2699 1526 2723 asservato
1552 2695 1668 2722 extraxit
1694 2695 1756 2722 Ant.
1783 2695 1920 2730 Boczck.)

1779 2747 1819 2778 32
