2325 2941
1250 137 1323 172 272

355 256 502 289 cedatur.
532 257 602 300 ipsa
632 257 766 299 propter
793 252 856 287 hoc
886 252 926 287 ab
956 252 1105 286 eiusdem
1133 255 1203 286 voti
1231 251 1446 285 observantia
1482 252 1743 287 misericorditer
1783 252 1944 288 absoluta.
1988 252 2099 295 Quare
2133 252 2219 287 dicta

354 317 484 361 Regina
514 314 609 348 nobis
638 313 801 348 humiliter
829 313 1029 360 supplicavit
1056 318 1090 347 ut
1118 316 1189 346 eills
1218 324 1318 358 super
1346 315 1517 358 premissis
1546 316 1607 359 piis
1637 313 1810 348 desideriis
1826 324 1974 348 annuere
1991 314 2216 359 dignaremur.

353 377 422 411 Nos
452 379 550 420 igitur
583 375 735 409 volentes
771 379 928 420 quantum
971 386 1044 408 cuin
1081 374 1155 407 Deo
1190 384 1367 419 possumus
1401 376 1503 420 ipsius
1532 374 1664 420 Regine
1697 374 1827 408 devotis
1856 374 2149 424 supplicationibus
2179 386 2219 409 ac

354 437 524 471 desideriis
554 447 702 470 annuere
730 439 763 470 in
792 435 854 469 liae
882 440 987 482 parte.
1017 435 1213 469 fraternitati
1243 438 1296 468 tue
1324 446 1385 480 per
1413 436 1593 481 apostolIca
1623 439 1745 482 scripta
1775 434 1982 477 mandamus‚
2011 440 2163 481 quatinus
2192 439 2218 470 si

353 501 395 532 ita
425 502 474 531 est
503 497 664 543 prefatam
693 496 917 543 parochialem
946 496 1064 530 Mense
1093 495 1254 529 dictorum
1282 495 1424 530 Abbatis
1453 501 1485 530 et
1513 496 1707 531 Conventus
1736 496 1854 543 prefati
1882 495 2076 530 Monasterii
2097 501 2219 531 aucto-

352 562 447 592 ritate
476 563 589 591 nostra
619 561 651 592 in
680 563 876 604 perpetuum
906 560 1002 591 unias
1031 561 1063 590 et
1091 561 1252 591 annectas
1281 559 1323 590 ita
1347 557 1434 603 quod
1463 562 1537 603 post
1566 561 1792 592 annexionem
1814 562 1846 591 et
1861 560 2017 591 unionem
2034 557 2218 593 huiiismodi

351 620 491 653 cedente
520 619 574 653 vet
604 619 787 653 decedente
816 618 964 652 eiusdem
993 618 1137 652 eccleste
1165 618 1323 654 Rectore.
1354 618 1452 652 liceat
1480 618 1573 653 dietis
1595 618 1719 653 Abbati
1748 624 1779 653 et
1808 618 1995 653 Conventni
2024 622 2219 653 auctoritate

350 683 482 727 propria
517 680 673 713 ordinarii
708 680 784 716 loci.
827 679 882 713 vel
917 682 1111 724 cuiusquam
1147 679 1284 712 alterius
1323 679 1455 713 licentia
1490 684 1520 713 et
1557 691 1697 714 assensu
1732 682 1866 713 mininie
1894 681 2060 725 requisitis
2088 679 2216 725 prefate

350 741 551 788 parocbiabs
586 741 729 775 ecclesie
762 743 1014 786 possessionen]
1048 739 1302 786 apprehendere
1336 744 1368 774 et
1401 740 1489 773 illam
1528 745 1663 786 propter
1690 740 1752 775 hoc
1787 744 1819 774 in
1849 752 1927 775 usus
1956 743 2108 786 proprios
2136 752 2219 786 per-

350 807 451 848 petuo
482 805 625 836 retinere
654 804 848 837 reservatis.
880 801 920 835 de
949 803 1051 847 ipsius
1081 801 1225 835 ecclesie
1253 801 1471 846 proventibus
1500 813 1559 847 pro
1588 804 1716 836 vicario
1745 804 1776 835 in
1796 813 1835 835 ea
1860 805 2033 848 perpetuo,
2062 804 2219 836 virtutum

349 863 494 897 Domino
531 867 707 900 servum-0„
743 863 806 897 loci
842 862 1009 896 ordinario
1044 862 1280 909 presentando.
1311 865 1464 908 portione
1493 874 1644 907 congrua
1673 874 1718 897 ex
1747 874 1810 908 qua
1839 862 2013 896 commode
2041 866 2219 897 sustentari

350 925 472 959 valeat.
505 936 543 958 ac
573 924 776 971 episcopalia
807 927 878 957 iura
907 923 1053 967 solvere,
1085 923 1214 969 aliaque
1243 923 1465 957 incumbentia
1496 924 1557 958 sibi
1588 935 1689 957 onera
1710 928 1917 970 supportare.
1949 923 2219 959 Contradictores

349 997 410 1032 per
444 997 621 1019 censuram
657 985 921 1019 eeclesiasticam
964 984 1185 1030 appellatione
1220 987 1401 1030 postposita
1431 985 1689 1031 compescendo.
1725 984 1800 1019 Non
1830 984 2035 1019 obstantibus
2064 987 2091 1019 si
2120 985 2219 1030 aliqui

350 1059 451 1093 super
480 1046 728 1093 prmisionibus
758 1046 820 1081 sibi
849 1045 1011 1080 faciendis
1041 1046 1081 1079 de
1108 1045 1294 1080 huiusmodi
1322 1046 1378 1080 vel
1407 1046 1479 1080 aliis
1508 1046 1660 1080 eeclesiis
1690 1049 1721 1080 in
1745 1046 1830 1080 dieta
1847 1045 2061 1080 Olomucensi
2082 1045 2219 1080 Di00esi

349 1108 513 1154 speciales
542 1108 597 1142 vel
626 1108 665 1142 de
694 1107 866 1142 beneficiis
895 1107 1132 1141 ecclesiasticis
1161 1110 1193 1141 in
1222 1107 1283 1141 illis
1312 1107 1461 1153 partibus
1491 1098 1670 1153 generales
1700 1108 1882 1153 apostolice
1911 1107 2001 1142 sedis
2034 1107 2090 1141 vel
2118 1107 2219 1152 lega—

350 1174 453 1203 torum
486 1172 556 1203 eins
573 1169 698 1203 litteras
721 1171 938 1215 impetrarint.
968 1171 1097 1203 etiamsi
1113 1180 1173 1215 per
1193 1180 1250 1203 eas
1273 1168 1313 1202 ad
1343 1168 1581 1209 inhibitionem„
1605 1172 1882 1213 reservationem7
1911 1173 1945 1203 et
1966 1168 2136 1202 decretum
2164 1168 2218 1203 vel

349 1231 430 1264 alias
460 1230 706 1275 quomodolibet
734 1233 775 1264 sit
802 1242 1008 1276 proeessunn
1039 1241 1121 1275 quas
1150 1230 1274 1264 litteras
1304 1234 1335 1263 et
1363 1241 1542 1276 processus
1578 1242 1693 1264 earum
1727 1233 1921 1264 auctoritate
1956 1229 2086 1264 habitos
2115 1232 2144 1264 si
2173 1232 2216 1263 ita

349 1296 409 1325 est.
441 1292 481 1325 ad
511 1291 631 1325 dietam
660 1291 886 1338 parochialem
916 1291 1095 1325 ecclesiam
1123 1291 1276 1325 volumus
1305 1303 1371 1325 non
1401 1292 1547 1326 extendi.
1583 1291 1641 1326 sed
1671 1285 1793 1325 nullum
1834 1302 1894 1337 per
1927 1290 1992 1325 hoc
2026 1293 2075 1325 eis
2111 1290 2219 1336 quoad

348 1356 594 1387 assecutionem
634 1353 771 1387 aliorum
815 1353 1035 1387 ecclesiarum
1077 1357 1109 1387 et
1148 1352 1385 1387 beneficiorum
1429 1352 1645 1399 preiudicium
1683 1355 1870 1398 generari.
1917 1364 1976 1387 seu
2018 1351 2217 1398 quibuslibet

348 1413 463 1448 litteris
493 1418 524 1447 et
552 1414 764 1459 indulgentiis
793 1414 986 1461 apostolicis
1015 1414 1231 1459 generalibus
1260 1414 1325 1449 vel‘
1344 1414 1556 1461 specialibus,
1586 1425 1871 1459 quornnimnnque
1891 1418 2043 1448 tenorum
2058 1416 2216 1457 existant,

347 1486 407 1520 per
435 1486 498 1520 qne
528 1476 664 1509 effeetus
694 1478 897 1521 presentium
929 1475 1076 1521 impediri
1106 1476 1218 1509 valeat
1247 1475 1495 1521 quomodolibet
1522 1476 1578 1509 vel
1607 1475 1729 1509 differri
1758 1480 1791 1509 et
1819 1475 1858 1509 de
1880 1475 1997 1521 quibus
2014 1485 2220 1521 quorumque

349 1539 423 1569 totis
460 1536 631 1570 tenorIbns
667 1536 818 1570 habenda
855 1540 896 1571 sit
930 1539 961 1570 in
1000 1539 1122 1571 nostris
1156 1537 1269 1571 lttteris
1302 1540 1425 1571 mentio
1462 1537 1628 1583 specialis.
1665 1536 1735 1571 Nos
1770 1540 1858 1570 enini
1888 1539 1915 1570 si
1945 1540 1995 1571 est
2023 1539 2065 1570 ita
2095 1540 2218 1570 extunc

349 1600 474 1630 irritum
517 1597 726 1631 decernimus
756 1602 787 1631 et
815 1601 915 1632 inane
946 1601 973 1631 si
1002 1609 1099 1631 secus
1129 1610 1229 1644 super
1271 1598 1332 1632 hiis
1362 1611 1378 1632 a
1409 1610 1574 1644 quoquam
1610 1601 1729 1643 quavis
1766 1601 1961 1631 auctorilate
1990 1600 2136 1632 scienter
2163 1597 2217 1631 vel

348 1661 543 1699 ignoranter
571 1662 750 1704 esnitigerit
779 1662 976 1705 atteniptani.
1007 1659 1126 1693 Datiun
1156 1660 1327 1694 Avinione
1356 1659 1396 1693 V.
1427 1659 1503 1694 ldus
1533 1659 1688 1693 Octobris
1716 1659 1818 1693 Anno
1846 1658 2066 1693 Duodecimo.

660 1748 713 1779 (Ex
738 1748 907 1782 autographo
933 1748 1051 1779 {regesto
1075 1747 1217 1778 joliannis
1243 1757 1317 1783 papa»
1342 1748 1422 1775 xxii.
1449 1747 1509 1774 anni
1542 1748 1597 1775 xit.
1628 1751 1694 1782 part.
1720 1748 1750 1775 11.
1775 1756 1837 1783 pag.
1867 1746 1936 1775 101.
1967 1746 2045 1782 epist.
2075 1744 2164 1773 1211.
2191 1745 2215 1771 in

763 1800 911 1826 'tabulariis
938 1800 1074 1828 Vaticanis
1100 1800 1231 1827 desinnsit
1256 1801 1299 1828 Dr.
1325 1801 1352 1827 13.
1379 1801 1490 1832 Dudik.)

1198 1913 1367 1948 CCCLIII.

346 1990 534 2024 Jolmmtes.
561 2003 654 2035 lmlm
684 1992 803 2026 XXII.
835 1993 1011 2038 dispensat
1039 1993 1242 2029 dolaamwm.
1277 1997 1392 2027 nalum
1427 1993 1634 2029 tt'eneeslaA
1665 1995 1757 2038 reqis
1788 1992 1977 2033 BMaeemiw,
2017 1994 2052 2024 ul
2081 1991 2217 2035 desei-ln

347 2053 512 2085 manlium
542 2064 605 2085 non
635 2052 795 2087 obs-[aule
825 2056 926 2087 eliam
965 2055 1164 2099 ‹leym'tatene
1194 2055 1424 2104 e121's‹·ol)11((’sie
1461 2056 1554 2088 licite
1583 2066 1758 2089 (ts-sumere
1789 2054 1911 2098 possit.
1952 2052 2012 2086 Dt.
2044 2053 2217 2086 Ανῖιιιόηε

1046 2116 1080 2150 l'.
1113 2116 1193 2149 Idus
1225 2116 1384 2150 Octobris
1415 2116 1526 2150 1327.

519 2189 713 2243 Jahannes
744 2209 928 2257 Episeopus
959 2212 1087 2246 Servus
1111 2212 1295 2246 Servorum
1326 2212 1387 2246 Dei
1410 2212 1540 2246 Dilecto
1570 2212 1634 2245 lilio
1658 2211 1799 2244 .lolianni
1831 2215 1907 2243 nato
1930 2210 2027 2244 Clare
2056 2213 2216 2244 memorie

348 2270 546 2303 wem-aesta}
589 2270 693 2309 nems-
732 2271 865 2305 lloeniie
895 2272 1065 2318 l'reposito
1097 2273 1248 2307 Ecclesic
1276 2273 1572 2319 wissegradensis
1603 2273 1782 2315 t’ragensis
1812 2271 1978 2317 Dyocesis¹
2009 2271 2155 2306 Salutem
2185 2275 2217 2305 et

350 2331 575 2376 Apostolleatii
595 2331 875 2366 lieni-dietionem.
907 2334 1087 2367 (fonsuevit
1114 2335 1296 2380 apostolice
1323 2335 1411 2369 sedis
1427 2337 1665 2379 circumspecta
1692 2337 1724 2366 et
1747 2335 1884 2378 copiosa
1913 2332 2100 2378 benignitas
2129 2334 2216 2367 votis

348 2392 517 2425 illustriinn
544 2397 576 2426 et
605 2393 739 2426 aliarum
761 2392 944 2426 sublimium
976 2407 1193 2439 personna-uni
1218 2395 1290 2429 I)eo
1319 2401 1351 2430 et
1370 2396 1513 2429 ecclesie
1536 2394 1731 2427 devotarum
1753 2393 2027 2428 condescendere
2055 2396 2216 2438 gratiose,

348 2464 386 2485 ac
417 2453 608 2498 plerumque
646 2453 860 2487 suadentibus
904 2458 1014 2489 causis
1052 2456 1301 2491 rationabilibus
1331 2468 1432 2503 super
1473 2456 1532 2489 illis
1561 2457 1740 2499 gratiosiiis
1778 2455 1991 2501 dispensare,
2035 2465 2099 2500 que
2128 2456 2215 2489 sacri

350 2525 497 2547 canones
528 2515 736 2548 interdicunt.
771 2514 818 2548 t‘lx
850 2519 963 2548 tenore
993 2517 1153 2561 siandem
1184 2520 1350 2563 petitionis
1380 2519 1552 2551 carlssiine
1582 2518 1611 2549 in
1643 2516 1773 2550 t‘bristo
1803 2516 1867 2550 lilic
1902 2521 2015 2551 nostre
2043 2514 2215 2550 Elizabeth

352 2574 481 2612 Recine
506 2575 640 2609 lloeniie
669 2576 805 2609 illustris
827 2587 886 2621 pro
915 2580 1007 2621 parte
1029 2581 1080 2610 tna
1104 2578 1198 2612 nobis
1221 2578 1329 2612 oblate
1359 2580 1566 2624 percepimus
1587 2577 1673 2621 quod
1694 2577 1769 2611 olim
1791 2582 1898 2611 tecuin
1928 2588 2029 2623 super
2049 2577 2215 2611 desectum

350 2635 504 2668 natalium
541 2647 635 2680 quein
667 2639 790 2682 pateris
819 2637 859 2670 de
901 2639 1080 2682 coniugato
1110 2642 1243 2683 genitus
1274 2643 1305 2673 et
1346 2641 1524 2682 contngata
1562 2648 1626 2682 qno
1657 2650 1697 2672 eo
1740 2650 1806 2672 non
1834 2638 1987 2672 obstante
2027 2648 2147 2684 posses
2174 2635 2214 2670 ad
