2325 2941
1194 111 1268 146 328

1123 224 1339 259 CDXXVHI.

298 297 491 339 Jolemmes,
529 307 595 329 res
623 294 814 339 Bohemiae,
853 294 979 329 liberat
1008 296 1100 329 cives
1126 295 1371 329 Hrade'sfenses
1399 307 1421 329 a
1453 296 1617 331 solvendo
1646 297 1765 342 quovis
1795 298 1973 342 pecuniali
1997 297 2159 333 subsidio.

716 356 775 390 Dt.
806 356 933 401 Prayae
961 358 995 390 iu
1022 356 1142 401 ‹rz'qz‘lia
1169 356 1378 390 Nata-itatis
1406 356 1449 391 B.
1479 357 1526 391 M.
1564 357 1599 392 V.
1632 356 1743 391 1331.

469 425 558 478 ⁴xes
599 443 771 477 Jobannes
814 443 864 477 dei
907 446 1014 488 gratia
1056 443 1194 477 Boemie
1236 447 1268 477 et
1308 443 1446 478 Polonie
1486 444 1563 479 Rex
1604 456 1643 479 ae
1684 443 1987 489 Lucemburgensis
2029 446 2160 481 Comes.

298 506 458 539 Constare
487 505 639 539 volumus
665 508 843 538 vniuersis.
876 504 971 545 Quod
993 503 1186 538 affectantes
1214 504 1407 538 vtilitaubus
1436 509 1467 539 et
1487 506 1670 540 commodis
1700 508 1840 540 ciuitatis
1862 510 1975 540 nostre
2002 506 2161 549 Rediseh,

296 577 358 611 que
388 569 419 599 in
449 566 566 600 tinibus
596 571 626 600 et
656 569 750 600 metis
779 566 889 610 Regni
919 568 1023 599 nostri
1052 569 1103 599 est
1131 568 1249 599 situata
1278 570 1309 599 et
1338 568 1432 611 quasi
1461 569 1593 611 signum
1620 570 1764 613 positum
1793 566 1833 600 ad
1862 569 2016 612 sagittam
2044 571 2078 601 et
2103 579 2163 615 per

295 627 432 660 insultus
452 630 637 661 vicinorum
666 628 738 673 plus
758 626 930 660 infestatur
953 626 1026 660 aliis
1046 625 1218 660 intendere
1246 629 1402 671 grasiose
1421 631 1522 673 vtque
1543 630 1660 662 ciuitas
1688 631 1760 674 ipsa
1782 639 1876 661 muro
1905 630 2163 674 circumquaque

294 688 492 721 circumdari
527 689 638 722 valeat
672 692 702 721 et
738 687 977 721 inhabitatores
1019 689 1090 721 eius
1119 690 1284 721 continuis
1325 687 1501 734 proficiant
1529 691 1754 723 incrementis.
1798 688 1893 722 Hane
1922 691 1972 723 eis
2014 691 2163 735 graciam

293 748 446 782 duximus
476 749 680 785 faciendam.
716 752 758 782 ita
788 748 954 787 videlicet,
994 748 1080 794 quod
1114 751 1176 794 ipsi
1205 748 1304 783 Ciues
1332 751 1482 783 vniuersi
1511 754 1543 784 et
1577 750 1697 795 singuli
1726 749 1823 784 nobis
1859 749 2081 796 presentibus,
2109 750 2164 784 uel

292 809 332 843 de
363 810 483 855 Regno
513 815 625 844 nostro
655 809 846 844 absentibus
877 809 917 843 ad
933 809 1055 843 nullum
1084 809 1266 843 subsidium
1294 810 1469 856 pecuniale
1498 810 1593 845 nobis
1612 811 1666 845 uel
1694 814 1881 857 cuicunque
1906 811 1999 845 alteri
2028 810 2164 846 officia-

293 875 398 904 torum
428 876 614 905 nostrorum
651 874 878 916 cuiuscunque
908 875 1011 905 status
1048 882 1107 904 seu
1136 871 1334 905 conditionis
1368 871 1485 915 fuerit,
1520 872 1798 918 persoluendum,
1835 872 1973 906 durante
2001 871 2164 906 liibertate

293 934 373 977 ipsis
403 944 462 978 per
491 944 551 966 nos
582 933 652 966 aliis
689 935 810 966 nostris
840 932 942 966 literis
977 943 1157 976 concessa,
1193 933 1381 967 nullatenus
1410 935 1473 967 sint
1511 936 1654 976 astricti,
1690 936 1847 979 ipsosque
1882 932 1923 967 ab
1952 932 2164 967 infestatione

293 1003 554 1039 quorum-unque
591 1005 731 1028 onerum
760 993 846 1027 dieto
882 993 1020 1027 durante
1050 997 1198 1039 tempore
1227 993 1366 1028 dicimus
1396 999 1428 1028 et
1465 1005 1541 1028 esse
1569 994 1722 1028 volumus
1758 994 1880 1028 liberos
1909 999 1940 1028 et
1975 998 2162 1041 exemptos.

291 1053 488 1088 Mandantes
518 1059 549 1089 et
578 1058 802 1101 precipientes
831 1054 1026 1101 CapitaneO,
1057 1057 1250 1089 camerariis
1286 1067 1325 1089 ae
1354 1055 1426 1089 aliis
1455 1054 1610 1089 ofliciabs·
1634 1058 1756 1089 nostris
1784 1055 1922 1089 Boemie
1951 1059 1983 1089 et
2010 1055 2164 1090 Moravie

293 1115 503 1161 presentibus
532 1121 563 1150 et
592 1115 708 1150 futuris
737 1116 997 1162 (piilmscunque,
1029 1120 1192 1161 quatenus
1221 1115 1326 1150 dictos
1355 1120 1447 1150 ciues
1476 1121 1610 1151 nostros
1639 1121 1671 1150 et
1693 1119 1861 1150 ciuitatem
1889 1116 2048 1159 Rediscli,
2076 1116 2163 1151 vltra

292 1188 343 1211 ea.
374 1188 436 1222 que
470 1180 631 1223 premissa
663 1182 753 1212 sunt.
790 1188 856 1211 non
886 1176 1031 1211 debeant
1065 1177 1118 1211 uel
1146 1182 1357 1223 presumant,
1397 1180 1429 1211 in
1466 1177 1575 1223 aliquo
1610 1189 1767 1222 grauare,
1803 1177 1862 1212 sed
1890 1180 1997 1223 potius
2026 1180 2059 1211 in
2088 1176 2162 1221 hiis,

291 1248 354 1282 qne
384 1250 443 1284 per
478 1250 539 1272 nos
569 1242 617 1272 eis
653 1250 816 1273 concessa
846 1243 937 1277 sunt,
981 1243 1183 1272 conseruent
1210 1238 1449 1273 fauorabiliter.
1494 1238 1563 1273 Sub
1598 1238 1714 1272 harum
1750 1243 1937 1273 nostrarum
1973 1241 2163 1273 testimonio

291 1298 484 1333 litterarum.
515 1299 636 1333 Datum
652 1300 761 1345 Prage
782 1312 870 1334 anno
888 1299 1009 1333 domnii
1025 1299 1357 1334 M.0GCC.0XXX1.0
1378 1303 1410 1334 in
1440 1300 1554 1345 vigilia
1575 1303 1755 1334 natiuitatis
1770 1299 1867 1336 beate
1882 1299 1989 1334 Marie
2004 1302 2161 1346 virginis.

602 1379 655 1412 (Ex
680 1379 749 1414 orig.
775 1388 834 1406 cum
859 1379 953 1413 sigillo
978 1380 1043 1406 laeso
1068 1379 1093 1406 in
1119 1379 1229 1407 archivo
1255 1380 1376 1415 ejusdem
1402 1379 1521 1406 cititatis
1546 1379 1666 1414 copiavit
1691 1380 1753 1407 Ant.
1779 1379 1910 1412 Boczek.)

1131 1474 1318 1510 CDXXIX.

287 1544 475 1580 lohannes.
515 1557 581 1579 rar
619 1545 803 1580 Bohemise.
838 1547 973 1581 slalm‘l,
1018 1549 1053 1579 n!
1087 1547 1180 1579 eires
1215 1546 1414 1579 Brunenses
1448 1549 1576 1579 tantum
1612 1547 1646 1579 in
1677 1549 1810 1591 parata
1841 1546 1990 1590 pecunia
2019 1545 2160 1579 liberam

483 1606 634 1640 habeant
663 1607 816 1641 testandi
838 1607 1057 1652 fclcnllalem.
1092 1607 1221 1641 Datum
1250 1607 1376 1652 Praqw
1405 1607 1467 1641 Ili
1500 1607 1578 1641 Idus
1608 1607 1822 1652 Seplemlm's
1852 1606 1964 1641 1331.

460 1675 551 1729 Axos
592 1694 766 1730 Jobannes
809 1694 861 1728 dei
896 1697 1011 1740 gracia
1047 1694 1186 1729 Boemie
1214 1699 1247 1729 et
1274 1694 1412 1729 Polonie
1440 1706 1501 1729 rex
1531 1707 1570 1729 ae
1604 1694 1907 1739 Lucemburgensis
1941 1694 2075 1737 Comes,
2117 1694 2158 1728 ad

289 1758 519 1789 vnincrsorum
561 1759 718 1790 noticiam
755 1756 909 1791 volumus
945 1760 1062 1790 tenore
1090 1759 1302 1802 presencium
1332 1756 1502 1790 deuenire.
1534 1756 1629 1798 Quod
1658 1767 1720 1790 nos
1749 1756 1958 1791 attendentes
1985 1755 2158 1791 Vtilitatem

289 1816 437 1850 Ciuitatis
480 1822 591 1851 nostre
633 1817 853 1854 Brunnensis.
897 1822 929 1852 et
972 1817 1126 1863 querelas
1161 1818 1387 1863 litigancinm,
1422 1829 1483 1851 seu
1524 1820 1718 1863 questiones
1751 1820 1935 1851 orieneium
1968 1828 2012 1851 ex
2047 1819 2159 1851 causis

289 1877 428 1911 diuersis
457 1881 568 1924 sopire
596 1879 761 1917 volentes,
792 1882 876 1913 sicut
905 1879 1011 1915 (tecet.
1042 1882 1214 1914 statuimus
1243 1878 1330 1924 quod
1359 1881 1507 1913 vniucrsi
1537 1883 1569 1913 et
1597 1878 1718 1923 singuli
1748 1881 1780 1912 in
1809 1878 1894 1912 dicta
1923 1881 2034 1912 nostra
2063 1877 2160 1911 Ciui-

289 1942 353 1971 tate
388 1943 582 1973 testamenta
619 1942 650 1973 iu
689 1943 848 1974 extremis
884 1939 997 1974 faeere
1040 1943 1225 1986 cupientes,
1268 1951 1334 1973 non
1372 1942 1403 1973 in
1433 1940 1714 1986 posscssionilms,
1744 1951 1804 1974 seu
1840 1937 2076 1973 hereditatibus
2104 1938 2160 1973 vel

288 1998 384 2033 bonis
419 1999 626 2044 quibuslibet.
662 2001 720 2034 sed
757 2004 789 2035 in
832 2006 945 2047 parata
976 2001 1147 2035 dumtaxat
1174 2004 1329 2047 pecunia,
1372 2001 1509 2035 liberam
1539 2001 1680 2035 testandi
1715 2000 1860 2035 habeant
1888 1999 2088 2043 facultatem,
2117 1999 2160 2034 Et

289 2063 314 2094 si
345 2060 453 2107 aliqua
483 2060 659 2104 dubitacio,
703 2065 775 2096 siue
812 2065 953 2107 questio,
997 2065 1081 2096 inter
1109 2067 1232 2109 partes,
1270 2074 1315 2096 ex
1343 2062 1457 2096 verbis
1487 2065 1665 2106 testatoris,
1702 2073 1761 2097 seu
1795 2060 1891 2094 factis
1920 2063 2054 2104 oriatur,
2085 2063 2159 2096 sive

289 2124 367 2155 oriri
396 2125 514 2167 quouis
543 2121 641 2155 modo
670 2128 795 2168 posset,
825 2128 949 2157 extunc
978 2123 1143 2162 volumus,
1174 2123 1261 2170 quod
1289 2135 1376 2158 vnns
1407 2135 1449 2157 ex
1481 2123 1678 2163 Consulibus
1707 2126 1818 2156 nostre
1848 2120 1996 2156 Ciuitatis
2025 2121 2158 2166 ibidem,

288 2185 340 2228 qni
370 2194 429 2229 pro
459 2187 609 2228 tempore
651 2182 757 2225 suerit,
802 2189 894 2230 parte
930 2197 973 2219 cx
1007 2196 1088 2228 vna,
1118 2190 1151 2219 et
1179 2186 1262 2220 alter
1290 2185 1452 2219 discretus
1480 2189 1533 2219 vir
1561 2185 1601 2219 de
1629 2188 1722 2230 parte
1759 2183 1963 2226 litigancium
1991 2187 2085 2229 parte
2114 2194 2158 2218 ex

289 2244 390 2277 altera
420 2244 597 2287 eligantur,
634 2244 696 2284 Qui
732 2245 806 2278 dicti
842 2246 906 2279 duo
945 2248 1007 2280 viri
1049 2247 1178 2292 prouidi
1211 2246 1344 2281 dubium
1386 2258 1445 2281 seu
1475 2248 1682 2292 questionem
1711 2243 1892 2289 predictam
1925 2243 2098 2287 declarare
2126 2248 2159 2279 et

289 2305 440 2339 diffinire.
472 2305 607 2339 liberant
638 2309 748 2339 nostra
779 2306 977 2341 authoritate
1007 2307 1151 2341 babeant
1177 2307 1368 2342 facultatem
1398 2307 1667 2341 contradiccione
1698 2308 1857 2350 parcium,
1891 2310 2007 2340 contra
2037 2304 2158 2339 dictam

289 2366 554 2400 declaracionem
597 2378 657 2401 seu
691 2366 926 2401 diffinicionem
961 2368 1105 2414 qualibet
1138 2380 1204 2403 non
1243 2368 1405 2404 obstante.
1442 2368 1614 2402 Adicimus
1649 2369 1767 2406 eciam,
1811 2366 1899 2411 quod
1932 2369 2092 2401 vninersa
2125 2370 2159 2401 et

289 2427 417 2467 singula
454 2427 553 2462 bona.
589 2439 649 2473 per
692 2428 883 2471 Religiosos
913 2431 944 2462 in
974 2430 1059 2463 dicta
1089 2430 1229 2464 Ciuitate
1259 2434 1379 2476 empta.
1409 2429 1462 2463 vel
1492 2438 1700 2472 quocunnpie
1738 2428 1802 2461 alio
1833 2428 1923 2461 titulo
1952 2431 2157 2473 comparata,

290 2487 340 2520 vel
371 2491 542 2532 acquisita,
575 2500 633 2534 per
662 2489 810 2531 cosdem,
842 2500 906 2522 non
937 2490 1144 2525 obstantibus
1174 2491 1361 2537 prinilegijs
1390 2502 1447 2524 sen
1477 2490 1602 2533 gracijs
1625 2488 1833 2533 quibuslibet,
1851 2500 1967 2532 onera,
1984 2488 2156 2532 collectas,

289 2548 445 2585 subsidia,
476 2554 507 2583 ct
535 2550 738 2593 generaliter
779 2560 910 2596 queque
939 2555 1134 2594 grananiina
1166 2563 1239 2586 cum
1271 2552 1357 2586 dicta
1387 2554 1501 2585 nostra
1533 2550 1672 2585 Finitate
1701 2555 1842 2596 portent,
1873 2549 2097 2593 contribuant,
2127 2552 2160 2583 et

289 2614 471 2643 sustentent
500 2613 530 2643 in
560 2614 730 2657 prennssis
765 2611 930 2653 omnibus,
976 2623 1063 2645 nune
1092 2618 1123 2646 et
1152 2616 1297 2655 inantea,
1342 2613 1462 2646 nostris
1506 2610 1630 2645 iuribus
1660 2622 1792 2657 semper
1820 2611 1934 2654 saluis,
1966 2609 2156 2644 lnbibentes
