2325 2941
1184 120 1257 155 252

297 242 451 287 subsidijs
485 252 543 275 seu
579 248 859 285 quarumcumque
894 236 1069 271 dacionmn
1098 233 1322 269 solucionibus
1355 233 1451 269 nobis
1480 236 1619 270 interea.
1647 233 1703 267 vel
1732 232 1991 279 quibuscumque
2019 231 2149 266 Nostris

297 304 457 346 fidelibus,
489 311 694 347 quacumque
722 301 901 333 occasione
929 301 1042 331 nostro
1072 298 1206 330 nomine
1234 294 1407 331 faciendis,
1449 295 1581 340 plenam
1611 293 1725 328 damus
1754 296 1840 327 serie
1872 295 2080 339 presencium
2118 296 2151 326 et

298 364 509 400 concedimus
539 361 733 403 libertatem,
770 370 866 405 quam
894 361 973 404 ipsis
1011 368 1077 391 non
1106 356 1326 401 infr-ingemas
1355 359 1504 401 tempore
1532 355 1652 397 medio,
1688 365 1751 388 nec
1779 353 1913 398 infringi
1941 365 2003 399 per
2030 363 2151 399 quen]-

298 429 384 472 piam
418 424 622 468 aliquatenus
655 424 827 467 patiemur.
869 418 1001 453 Debent
1039 422 1149 451 autem
1187 420 1247 463 ipsi
1276 419 1367 450 ciues
1402 419 1582 450 occasione
1610 414 1798 449 huiusmodi
1831 416 1945 459 gracie
1973 414 2035 448 sibi
2064 413 2152 447 facte

298 495 497 531 unoquoque
536 493 699 517 annorum
739 480 959 527 predictorum
1002 489 1090 512 anno
1126 480 1322 524 incipientes
1356 479 1502 523 presenti
1540 481 1667 522 partem
1708 477 1792 509 muri
1833 474 1874 508 ad
1914 474 2153 519 longitudinem

299 546 436 580 duorum
478 543 603 577 funium
644 542 808 577 vsualiuin
841 540 1015 587 perlicere,
1049 539 1203 572 antedicti
1238 538 1334 572 nobis
1375 540 1455 583 ipsis
1497 536 1692 571 debentibus
1733 540 1765 570 et
1804 538 1966 581 promisso
1999 535 2153 581 specialis

300 605 539 640 beneuolencie
577 604 616 638 de
652 604 816 640 imorum
850 604 945 647 copia
980 611 1040 646 pro
1082 599 1261 633 cremando
1295 602 1447 632 cemento
1476 597 1516 631 ad
1551 597 1714 644 prefatum
1755 607 1882 630 murum
1915 595 2089 630 sufficienti
2123 599 2155 630 et

299 669 492 701 necessario
527 665 567 698 de
605 663 795 698 nemoribus
832 664 953 696 nostris
991 661 1107 705 Regiis
1142 659 1329 706 prouidere,
1360 670 1399 692 ac
1427 661 1526 693 etiam
1554 669 1636 692 saxa
1665 668 1723 704 pro
1752 656 1887 703 rupibus
1914 656 2155 702 rescindendis,

300 727 332 761 id
369 731 419 761 est
451 726 640 760 facultatem
673 723 854 769 recipiendi
888 722 1015 768 lapides
1043 733 1136 755 muro
1166 720 1294 767 prefato
1324 724 1518 766 oportunos,
1560 718 1667 753 donec
1694 722 1908 752 consumatus
1940 716 2049 761 fuerit,
2078 716 2157 750 ubi-

301 799 442 833 cumque
480 799 518 820 ea
549 786 602 820 vel
631 797 690 819 eos
719 786 916 825 inuenerint,
952 785 1024 816 sine
1052 785 1199 828 ipsorum
1228 780 1400 827 dispendio
1428 783 1559 827 penitus
1592 779 1745 813 libertare
1773 783 1805 813 et
1833 788 2041 824 quocumque
2069 787 2157 811 anno

300 848 522 896 predictorum
551 849 630 893 ipsis
659 845 786 879 ciuibus
818 848 851 878 in
880 844 1060 878 subsidium
1089 845 1171 877 muri
1200 845 1250 877 sui
1279 842 1421 887 aliquam
1457 852 1618 875 summam
1646 843 1786 886 pecunie
1821 841 2048 873 cin-anerimus
2076 849 2160 873 ero—

301 921 384 956 gare
421 908 538 942 eodem
570 907 653 941 vltra
697 906 919 953 predictorum
962 905 1098 938 duorum
1132 904 1256 937 funium
1291 902 1529 948 longitudinem
1574 904 1636 948 ipsi
1677 905 1799 934 tantam
1835 904 1964 946 partem
2000 899 2161 945 sepedicti

304 973 386 1004 muri
415 969 612 1003 tenebuntur
639 964 812 1014 perficere,
842 977 916 1000 cum
945 965 1074 1009 eadem,
1105 964 1191 1010 quod
1220 967 1252 998 in
1280 963 1343 998 hoc
1372 967 1517 1010 ipsorum
1546 962 1758 1007 negligencie
1779 961 1856 995 nibil
1872 961 1983 995 valeat
1996 963 2159 1007 imputari.

305 1032 523 1066 Promittimns
552 1033 703 1075 preterea
734 1028 828 1061 dictis
857 1026 997 1064 ciuibusq
1028 1037 1101 1060 cum
1131 1029 1179 1060 eis
1208 1036 1267 1072 pro
1298 1027 1554 1059 censer-natione
1576 1026 1659 1057 muri
1674 1022 1871 1065 huiusmodi,
1890 1024 2161 1067 quiinvniuerso

304 1091 520 1137 quadraginta
558 1090 639 1123 dnos
674 1089 770 1123 funes
812 1088 962 1122 obtinere
998 1087 1126 1129 dicitur,
1162 1086 1289 1133 prefata
1324 1097 1391 1120 non
1419 1085 1572 1119 videatur
1599 1084 1732 1118 ubertas
1761 1083 1927 1126 sufficere,
1955 1085 2060 1129 ipsam
2088 1086 2164 1129 post

305 1153 526 1200 predictorum
562 1150 736 1184 duodecim
771 1160 932 1183 annorum
968 1148 1142 1183 decursum
1179 1150 1387 1183 continuum.
1424 1151 1479 1180 aut
1515 1156 1701 1192 prorogare
1735 1155 1885 1189 congrue
1919 1148 1975 1178 aut
2009 1143 2163 1190 supplere

307 1226 365 1260 per
393 1213 455 1247 alia
485 1214 716 1246 conuenientia
756 1210 902 1245 subsidia
931 1212 1098 1255 graciose.
1131 1208 1322 1243 Inhibentes
1351 1219 1392 1242 ne
1422 1210 1505 1241 intra
1533 1209 1680 1253 spacium
1709 1206 1844 1239 iniliaris
1872 1216 1890 1239 a
1919 1208 2052 1239 ciuitate
2081 1215 2164 1251 pre-

307 1275 390 1308 dicta
429 1276 460 1307 in
502 1272 775 1306 circuml'erencia
815 1271 968 1305 circulari
1004 1270 1068 1304 ulla
1109 1269 1182 1304 fora
1224 1269 1338 1303 haberi
1380 1268 1536 1312 debeanta
1579 1267 1635 1302 vel
1675 1267 1811 1300 alicuius
1849 1268 1928 1300 artis
1970 1265 2164 1300 inechanice

308 1337 450 1381 operarii
481 1336 645 1368 sustineri.
683 1338 712 1366 et
743 1344 783 1366 ne
812 1332 972 1366 braxetur
1007 1334 1169 1366 cereuisia
1206 1335 1259 1364 aut
1288 1330 1433 1364 brasium
1460 1333 1667 1375 preparetur,
1702 1327 1934 1362 Promittentes
1961 1337 2021 1373 pro
2049 1326 2166 1369 Nobis,

307 1395 484 1430 heredibus
513 1405 552 1428 ac
580 1393 832 1428 successoribus
861 1396 982 1427 nostris
1009 1392 1162 1437 Regibus
1190 1391 1328 1425 Boemie
1357 1395 1387 1425 et
1415 1389 1663 1424 Marcbionibus
1691 1388 1844 1423 Moravie
1871 1390 2035 1434 premissa
2058 1389 2167 1421 omnia

307 1461 339 1491 et
367 1455 624 1501 vnumqnodque
653 1458 889 1501 premissorum
918 1465 1052 1500 semper
1081 1452 1314 1487 inviolabiliter
1342 1451 1536 1486 obseruare.
1567 1462 1605 1484 ac
1634 1450 1785 1484 volentes
1808 1448 1894 1494 quod
1915 1460 1975 1495 per
2002 1451 2168 1483 neminem

307 1522 495 1551 nostrorum
531 1516 671 1549 iidelium
713 1518 948 1560 cuiuscumque
978 1515 1087 1557 officii,
1132 1513 1338 1548 comlicionis
1377 1517 1431 1546 aut
1459 1516 1562 1547 status
1590 1513 1723 1553 existab
1759 1510 1965 1555 aliquatenus
1992 1509 2168 1551 violenter,

310 1578 345 1612 ln
374 1581 465 1611 cuius
494 1580 542 1611 rei
571 1579 791 1611 testimonium
822 1581 994 1622 presentes
1023 1576 1136 1609 lileras
1171 1575 1250 1617 [ιρι-ἰ,
1287 1579 1318 1608 et
1347 1573 1455 1617 sigillo
1484 1577 1597 1607 nostro
1626 1573 1742 1605 maiori
1775 1573 1929 1605 iussimus
1962 1572 2166 1605 communiri.

310 1639 429 1673 Datum
459 1638 568 1672 Brune
596 1638 697 1672 Anno
727 1637 849 1671 domini
868 1636 1042 1671 Miliesimo
1072 1636 1323 1670 Trecentesimo
1352 1634 1525 1680 Vigesimo
1550 1633 1709 1679 Septimo,
1726 1632 1838 1666 Tertio
1854 1631 1969 1666 Nonas
1984 1631 2166 1666 Februarii.

623 1717 656 1746 sii
681 1716 884 1742 confirmatione
916 1715 1117 1750 privilegiorum
1150 1715 1270 1749 ejusdem
1305 1713 1422 1740 civitatis
1447 1713 1478 1739 ab
1504 1720 1573 1739 anno
1601 1711 1681 1741 1070·
1712 1712 1738 1739 in
1763 1711 1840 1746 copia
1872 1710 1987 1746 simplici
2010 1709 2079 1738 inter
2103 1717 2169 1736 aua-

727 1768 795 1795 lecta
820 1769 852 1795 A.
878 1768 984 1795 Boczek
1009 1768 1057 1794 sub
1081 1768 1125 1795 Nr.
1152 1766 1236 1795 8955
1263 1766 1287 1793 in
1313 1766 1423 1793 archivo
1448 1765 1646 1792 marchionatus
1671 1764 1819 1797 Morari-11¹.)

1143 1861 1336 1897 CCCXXV.

314 1926 499 1967 Jolmunes,
530 1937 595 1959 rea:
624 1925 807 1967 Boleemice,
838 1924 966 1958 cii-ibus
997 1923 1271 1959 Gemm’censebus
1300 1922 1479 1956 libertates
1499 1926 1534 1957 et
1558 1923 1798 1967 possessiones
1819 1932 1841 1955 a
1857 1917 2170 1965 praedecessoribus

649 1998 833 2020 concessas
861 1986 1021 2030 adsumet.
1052 1986 1120 2019 (110.
1152 1985 1289 2020 Brzmae.
1319 1983 1367 2018 II.
1397 1984 1487 2018 Non.
1517 1982 1704 2017 Februarii
1731 1982 1842 2016 1327.

488 2036 575 2089 Ros
604 2055 774 2089 Jobannes
805 2055 868 2089 Dei
899 2055 1019 2089 Gracia
1050 2054 1209 2089 Bobemie
1238 2058 1269 2087 et
1297 2053 1433 2088 Polonie
1461 2053 1548 2096 Rex,
1578 2064 1618 2087 ac
1646 2051 1945 2095 Lucemburgensis
1970 2048 2102 2091 Comes,
2132 2048 2174 2082 ad

315 2120 546 2151 vniuersorum
591 2119 746 2149 noticiam
789 2119 998 2162 presencium
1037 2127 1133 2161 quam
1172 2115 1355 2149 futurorum
1397 2114 1550 2148 volumus
1584 2118 1699 2147 tenore
1740 2113 1948 2158 presencium
1983 2111 2172 2156 peruenire.

316 2177 409 2219 Quod
440 2176 508 2210 Nos
540 2176 732 2210 dilectcwum
763 2177 858 2210 nobis
889 2180 1007 2211 ciuium
1038 2181 1223 2210 nostrorum
1253 2175 1533 2221 Jempnicensium
1563 2171 1847 2209 commoditatibus
1875 2173 2032 2216 ‚graciose
2061 2173 2174 2204 inten-

317 2239 407 2281 dero,
437 2243 470 2272 et
498 2249 612 2271 eorum
643 2238 929 2283 imlempnitatilms
958 2238 1125 2272 fructuose
1154 2236 1330 2271 consulere
1358 2239 1540 2282 cupientes,
1576 2234 1798 2269 Aducrtentes
1827 2243 1957 2277 quoquc
1980 2233 2175 2277 grauamina

317 2299 516 2344 multiplicia.
548 2298 588 2332 (le
617 2297 733 2343 quibus
763 2298 857 2332 nobis
886 2303 1025 2335 constat.
1056 2310 1118 2344 que
1148 2301 1207 2344 ipsi
1237 2297 1297 2332 sub
1326 2296 1472 2331 dominio
1501 2296 1608 2330 alieno
1630 2297 1703 2328 snnt
1727 2295 1886 2339 perpessi,
1923 2291 2175 2327 considerantes

319 2363 435 2402 veiam,
480 2359 564 2405 quod
602 2359 726 2393 Ciuitas
764 2357 884 2392 Nostra
922 2359 1094 2405 Gemnycz
1136 2371 1201 2393 vna
1235 2370 1279 2392 ex
1315 2358 1457 2392 finitimis
1493 2356 1600 2400 Regni
1641 2357 1743 2387 nostri
1782 2353 1940 2388 Bobeniie
1975 2351 2175 2394 ciuitatibus,

320 2425 483 2464 tamquam
526 2422 596 2453 eius
639 2420 748 2453 linium
784 2422 875 2464 pacis
918 2420 1070 2453 clausura
1107 2419 1270 2466 preat-dua
1314 2430 1399 2453 nunc
1435 2416 1581 2452 hostibus
1623 2414 1790 2458 turbandi,
1834 2414 2006 2449 Nostrates
2048 2413 2176 2447 illicitos

320 2481 468 2525 probibet
498 2480 627 2514 additus
656 2485 688 2514 et
717 2479 878 2526 precludit
907 2491 993 2514 nunc
1023 2480 1231 2514 Nosti-atibus
1261 2480 1346 2514 facta
1376 2482 1468 2525 porta
1498 2478 1610 2523 peruia
1641 2476 1777 2509 insultus
1807 2475 1947 2509 bostium
1976 2473 2176 2521 reprimendi

321 2544 469 2575 introitus
498 2546 527 2574 et
557 2544 665 2575 exitus
695 2540 816 2574 liberos
846 2543 1072 2576 annninistrat.
1105 2544 1183 2587 ipsis
1213 2541 1253 2575 de
1283 2540 1486 2585 benignitate
1514 2537 1620 2571 solita.
1652 2541 1683 2570 nt
1713 2536 1940 2570 mcumbenc'ia
1983 2535 2044 2570 sibi
2073 2545 2176 2569 onera

321 2601 454 2635 valcant
489 2601 616 2635 facilius
660 2605 867 2648 supportare.
911 2600 1192 2635 l'redcccssorum
1234 2601 1428 2636 Nostrorum
1461 2597 1634 2632 Illustrimn
1671 2597 1834 2643 quondam
1870 2597 1999 2642 Regum
2027 2595 2176 2638 Boc-mie,
