2325 2941
1191 122 1264 157 346

297 300 483 335 johannes.
498 310 594 344 popa
612 297 733 332 XXII.
751 299 912 332 commitit
927 298 960 331 F
959 298 1118 333 riderico.
1136 298 1397 343 archiepiscopo
1416 300 1561 344 Riyeuse'
1580 301 1809 335 visitationem
1826 305 1859 335 et
1882 304 2159 346 reformationem

298 361 499 395 monasterie·
524 358 851 393 Daubrfflrm'ceuse's
880 358 921 393 ob
949 358 1219 393 emor-bitorinum
1247 358 1433 394 abbatissae
1463 360 1567 405 Ofcae.
1598 361 1657 395 Dt.
1688 361 1861 396 Arim'one
1890 362 1927 396 X
1935 363 2045 398 t'IIII.
2076 364 2158 398 Kal.

1059 419 1253 454 Februarii.
1286 419 1397 454 1333.

468 479 661 533 «lohannes
690 498 876 545 Episcopus
897 498 1025 532 Servus
1055 498 1241 532 Servorum
1262 498 1325 532 Dei
1353 499 1537 534 venerabili
1558 500 1665 535 Fratri
1694 500 1874 535 Frederico
1894 500 2160 549 Archiepiscopo

298 561 435 605 Rigensi
464 560 601 594 salutem
631 565 663 594 et
691 560 906 606 apostolicam
936 559 1236 593 Benedicciouem.
1268 559 1392 594 Salutis
1424 565 1457 594 et
1484 564 1711 607 prosperitatis
1741 561 1916 596 commoda
1944 562 2161 597 ecclesiarum

297 627 327 655 et
356 624 631 655 monasteriorum
652 624 807 655 omnium.
838 631 977 665 quorum
1005 620 1185 665 vigilancia
1207 624 1296 655 curis
1325 624 1448 656 nostris
1470 627 1520 657 est
1548 626 1681 668 superni
1703 623 1942 669 dispensatoris
1969 626 2162 670 provisione

296 685 487 725 commissa‚
516 684 651 716 summis
674 681 848 726 desider-ijs
871 681 1062 716 affectantes
1082 692 1179 728 opem
1208 687 1240 716 et
1261 693 1399 728 operam
1420 688 1581 729 quatenus
1602 683 1698 718 nobis
1726 687 1832 729 gratia
1857 684 1968 719 divina
1997 684 2161 728 concedit„

296 748 391 790 prout
420 743 591 778 dehemus.
633 743 774 777 libenter
807 743 1027 789 impendimus
1062 748 1097 777 ut
1137 746 1170 777 in
1199 743 1354 788 ecclesijs
1383 755 1423 778 ac
1451 747 1661 779 monasteriis
1690 748 1771 791 ipsis
1806 745 1890 779 adeo
1918 748 2018 791 vigor
2049 748 2164 791 vigeat

296 805 406 839 debite
435 805 619 851 discipline.
662 804 749 849 quod
791 804 876 850 apud
911 804 963 838 illa
1006 804 1109 839 divini
1137 805 1242 839 cultus
1277 805 1455 839 celebritas
1489 804 1618 849 floreat,
1661 806 1890 840 ecclesiastice
1925 817 1965 840 ac
1999 806 2163 851 regularis

297 866 479 900 honestatis
513 865 736 899 observancia
774 868 887 905 niteat„
930 865 1102 910 felicisque
1135 866 1326 912 temporalis
1355 870 1458 900 status
1487 866 1643 901 duratura
1686 870 1889 901 continentia
1918 878 1985 902 non
2013 867 2161 902 obsistat.

297 927 452 961 Exhibue
481 926 642 971 siquidem
670 926 767 961 nobis
796 929 961 972 petitionis
991 932 1043 961 tue
1066 930 1171 961 series
1200 930 1231 961 in
1261 932 1409 962 nostram
1438 930 1593 962 noticiam
1615 928 1806 971 introduxit,
1837 933 2000 973 quatenus
2023 928 2164 974 quedam

297 988 412 1034 Neptis
454 993 507 1021 tua
544 987 631 1022 ofka
672 991 806 1022 nomine
833 987 1027 1022 Monasterii
1069 993 1184 1023 sancte
1219 988 1337 1023 Crucis
1378 991 1410 1023 in
1446 989 1641 1023 Dubraunik
1679 989 1803 1023 ordinis
1844 992 1950 1039 sancti
1983 990 2164 1035 Augustini

299 1050 532 1083 (tlomuceusis
561 1049 729 1084 Diocesis.
765 1049 851 1094 quod
887 1052 1120 1095 progenitores
1155 1053 1199 1084 tui
1227 1055 1261 1084 ut
1290 1053 1414 1084 asseris
1447 1054 1705 1091 construxerunt
1738 1055 1770 1084 et
1798 1050 1962 1094 dotarunt,
2001 1055 2034 1085 et
2060 1053 2092 1085 in
2122 1061 2164 1085 eo

298 1114 346 1144 ius
376 1110 522 1144 obtinent
563 1115 767 1156 patronatus.
803 1110 875 1144 fore
918 1110 1100 1145 dinoscitur
1134 1111 1326 1146 Abbatissa.
1372 1110 1535 1157 Quodque
1576 1111 1743 1146 abbatissa
1779 1111 1896 1146 eadem
1938 1115 2035 1158 prout
2062 1111 2103 1146 ad
2132 1115 2164 1146 te

297 1175 447 1218 pervenit
476 1172 633 1205 relatibus
675 1171 739 1205 lide
768 1172 890 1217 dignis.
933 1175 980 1206 sic
1015 1172 1180 1206 exorbitat
1221 1175 1253 1206 in
1282 1172 1440 1216 moribus,
1483 1177 1516 1206 ut
1551 1172 1775 1207 verisimiliter
1815 1177 2025 1219 presumatur
2059 1175 2163 1219 ipsam

298 1233 469 1279 prebuisse
506 1245 544 1267 ac
573 1233 715 1279 prebere
751 1233 950 1267 deviationis
987 1245 1123 1267 causam
1151 1233 1350 1267 Monialibus
1378 1233 1573 1268 Monasterii
1602 1234 1768 1277 antedicti,
1807 1238 1839 1268 et
1866 1234 1953 1279 quod
1983 1233 2163 1269 Abbatissa

298 1294 422 1340 prefata
462 1306 573 1328 curam
617 1294 831 1340 spiritualium
861 1299 891 1328 et
935 1295 1163 1341 temporalium
1203 1295 1351 1329 eiusdem
1395 1297 1587 1329 monasterii
1622 1295 1706 1329 adeo
1740 1295 1890 1340 negligiss
1933 1295 2020 1341 quod
2048 1297 2081 1329 in
2122 1305 2164 1330 eo

297 1356 481 1399 Religionis
516 1356 730 1389 observantia
766 1367 830 1389 non
862 1355 1011 1394 liabeturq
1051 1361 1083 1390 et
1111 1356 1232 1390 ibidem
1261 1356 1492 1390 alimentorum
1521 1360 1707 1390 necessitas
1735 1359 1909 1402 reperitur.
1953 1355 2036 1390 Cum
2064 1358 2166 1402 igitur

297 1420 457 1463 premissa
487 1428 531 1450 ex
565 1416 684 1461 ‹piibus
714 1428 779 1450 non
825 1420 987 1451 immerito
1017 1422 1047 1451 te
1076 1416 1178 1463 affligi
1214 1420 1436 1463 percepimus.
1479 1420 1697 1452 correctionis
1726 1417 1909 1464 apostolice
1936 1417 2105 1451 licentiam
2132 1421 2165 1452 et

296 1478 547 1524 providenciam
585 1482 803 1524 opportunam
845 1489 1032 1524 exposcere
1066 1478 1252 1513 videantur.
1295 1478 1366 1513 Nos
1394 1490 1494 1525 super
1522 1478 1584 1513 hiis
1619 1478 1719 1527 officii
1761 1481 1867 1514 nostri
1895 1478 2039 1513 debitum
2067 1482 2165 1525 prout

297 1544 447 1573 tenemur
475 1539 648 1575 exolvere.
679 1550 718 1573 ac
747 1539 972 1585 indempnitati
996 1540 1072 1574 dicti
1099 1539 1294 1574 Monastcrii
1315 1551 1494 1574 occurrere
1523 1539 1698 1575 salubriter
1720 1540 1943 1584 intendentes,
1973 1542 2037 1574 tuis
2065 1542 2164 1574 etiam

297 1600 471 1635 humilibus
513 1605 545 1634 ct
587 1600 718 1634 devotis
760 1600 1055 1647 supplicationibus
1097 1602 1253 1644 inclinati,
1297 1600 1495 1636 fraternitati
1534 1606 1588 1636 tue
1621 1604 1817 1636 auctoritate
1851 1601 1965 1636 nostra
1994 1600 2160 1644 visitandi,

297 1661 501 1701 coi·ri2·c11‹li.,
531 1666 564 1695 et
592 1661 794 1695 reformandi
824 1661 1004 1708 predictum
1032 1661 1272 1697 Monaslcrium
1302 1667 1367 1697 tam
1397 1666 1428 1697 in
1457 1665 1565 1709 capite
1593 1673 1691 1710 quam
1719 1665 1753 1696 in
1781 1662 1939 1697 membris
1961 1673 2022 1709 per
2049 1666 2081 1697 te
2108 1661 2162 1696 vel

298 1723 438 1769 aliquam
470 1733 646 1769 personam
675 1723 842 1769 ydoneam
872 1734 969 1768 quam
999 1723 1039 1757 ad
1068 1723 1130 1758 hec
1159 1724 1296 1758 duxeris
1324 1724 1544 1770 deputandam
1568 1734 1633 1770 que
1661 1728 1696 1758 tu
1724 1723 1778 1758 vel
1803 1734 1948 1770 persona
1977 1725 2048 1770 ipsa
2075 1724 2164 1757 visi-

299 1787 428 1817 tationis
457 1787 677 1818 correctionis
706 1788 738 1818 ct
765 1784 1013 1818 reformationis
1042 1784 1152 1819 officio
1181 1788 1372 1832 repereritis
1400 1785 1563 1829 indigere,
1593 1785 1748 1831 dictoque
1775 1783 1982 1819 Mouasterio
2009 1783 2050 1818 de
2077 1787 2163 1818 statu

300 1845 420 1878 salubri
450 1850 481 1878 ct
515 1856 676 1891 prospero
711 1846 919 1891 providendi.
963 1846 1235 1881 Contradictores
1277 1857 1409 1892 quoquc
1438 1857 1498 1893 per
1525 1857 1703 1881 censuram
1744 1846 2007 1880 ecclesiasticam
2035 1843 2164 1879 sublato

299 1906 528 1952 ap1wllationis
557 1906 727 1940 obstaculo
749 1907 996 1953 compescendi.
1027 1906 1101 1942 Non
1131 1907 1284 1942 obstante
1320 1911 1346 1942 si
1376 1907 1537 1953 aliquibus
1561 1909 1779 1942 communiter
1806 1906 1861 1940 vel
1881 1906 2011 1940 divisim
2041 1916 2058 1939 a
2083 1904 2164 1939 sede

299 1967 479 2013 apostolica
510 1971 547 2000 sit
581 1968 737 2002 indultum
780 1969 865 2014 quod
898 1971 1196 2012 excommunicari,
1239 1968 1399 2016 suspendi
1428 1969 1481 2003 vel
1510 1968 1661 2003 interdici
1697 1979 1762 2003 non
1792 1969 1919 2014 possint
1952 1977 2012 2013 per
2039 1966 2164 2001 litteras

299 2028 497 2074 apostolicas
527 2040 592 2062 non
621 2028 783 2063 facientes
812 2030 942 2075 plenam
972 2034 1003 2064 et
1032 2041 1229 2076 expressam
1258 2041 1298 2064 ac
1322 2030 1363 2064 de
1392 2030 1497 2064 verbo
1527 2029 1729 2063 adverbum
1759 2028 1800 2063 de
1828 2027 1950 2062 indulto
1976 2026 2161 2062 huiusmodi

299 2092 512 2131 nientioncim
543 2089 672 2134 plenam
703 2095 799 2136 atquc
823 2090 960 2125 liberam
991 2095 1107 2125 tenore
1128 2094 1340 2138 presencium
1369 2091 1585 2126 concedimus
1607 2094 1812 2137 potestatem.
1842 2088 1963 2123 Datum
1991 2088 2164 2123 Avinione

299 2150 436 2184 xt'llll.
468 2149 539 2184 Kal.
571 2149 742 2185 Februarii
772 2163 859 2185 anno
889 2152 995 2186 xvll.

611 2212 662 2241 (lix
689 2215 857 2248 autom-aptio
884 2214 1003 2244 timasio
1027 2215 1169 2248 Johannis,
1194 2223 1269 2250 papae
1294 2214 1374 2241 xxu.
1400 2214 1461 2241 anni
1486 2214 1568 2241 xvu.
1594 2216 1662 2249 part.
1689 2212 1718 2239 lt.
1745 2211 1825 2246 epist.
1858 2210 1946 2239 1333.
1971 2211 1999 2239 in
2015 2211 2163 2238 Tabularii's

714 2265 850 2293 vatin-anis
876 2267 1005 2293 dcsumsil
1031 2267 1074 2294 Dr.
1101 2267 1128 2294 B.
1152 2267 1264 2302 Dudik.)

1167 2352 1294 2387 CDLH.

302 2413 477 2446 *Ut-olous.
508 2414 579 2445 dm·
611 2414 759 2457 (marite.
791 2416 922 2457 confert
962 2414 1185 2451 'I'lecodericm
1216 2415 1397 2459 capellano
1425 2425 1498 2448 suo.
1528 2412 1695 2455 capellam
1725 2412 1906 2457 hospitalis
1931 2423 2006 2458 proe
2029 2410 2163 2456 foribus

540 2476 693 2507 cirilole‘s
725 2474 856 2518 Opauie
884 2476 995 2508 silam.
1026 2475 1085 2509 Dt.
1117 2475 1155 2509 Iu
1188 2476 1319 2520 Oporia
1349 2477 1381 2509 in
1410 2475 1562 2508 crastino
1592 2472 1621 2506 Ι).
1654 2473 1783 2507 I'riscae
1813 2472 1923 2507 1333.

474 2533 650 2586 ,xit-olaus
681 2552 747 2586 dux
778 2552 928 2598 Oppaulc
966 2574 1001 2577 --
1036 2553 1247 2587 'I'beodorlco
1286 2553 1371 2587 (licto
1401 2552 1545 2597 Kasmyr
1574 2556 1686 2585 nostro
1722 2552 1894 2598 capellano
1927 2573 1968 2576 —
2001 2551 2162 2598 capellam

303 2612 468 2657 bo<pitabs
507 2625 563 2658 pre
600 2613 724 2647 soi-ilius
766 2616 906 2647 ciuitatis
937 2613 1086 2659 ()ppauic
1129 2626 1188 2661 pcr
1217 2626 1278 2649 nos
1320 2615 1498 2648 constructi
1531 2634 1570 2636 —
1606 2613 1760 2647 duximus
1789 2612 2039 2647 conserendam.
2083 2612 2162 2647 Item
