2357 3021
1053 173 1114 229 ⁷719?
1142 228 1145 229 a
1187 228 1191 229 a

146 290 385 325 Mouasterium
413 293 593 325 reuertitur
620 290 718 337 pleno
747 292 820 324 iure
848 293 921 325 sine
950 288 1097 336 quolibet
1123 289 1371 336 impedimento.
1402 288 1483 324 Item
1506 292 1534 324 si
1556 301 1645 324 vxor
1666 301 1740 324 mea
1762 292 1868 336 prima
1891 292 2029 323 moritur

144 357 177 387 et
205 353 303 387 aliam
331 364 473 387 vxorem
505 352 634 387 duxero
664 352 716 386 illa
746 352 893 387 secunda
923 361 1012 387 vxor
1039 351 1141 386 nichil
1165 353 1251 397 juris
1287 350 1386 385 habet
1414 354 1447 385 in
1476 351 1623 397 predicta
1653 352 1731 386 villa
1760 351 1807 385 W
1812 351 1939 386 azlaws
1968 351 2026 386 sed

145 419 219 461 post
247 414 371 449 obitum
399 426 509 449 meum
539 417 647 449 statim
676 414 825 461 predicte
856 414 988 448 domine
1024 413 1296 449 sanctimoniales
1326 415 1543 447 intromittent
1577 425 1614 448 se
1651 414 1691 448 (10
1726 416 1792 448 1313
1827 413 1914 448 (11013
1949 413 2028 448 villa

143 476 320 512 Wazlaws
350 488 425 511 cum
454 477 671 524 pertinencijs
701 479 770 511 suis
801 476 898 523 pleno
924 478 1012 521 jure.
1043 478 1190 510 omnium
1227 475 1387 509 heredum
1424 486 1575 509 meorum
1605 480 1637 509 et
1665 479 1848 510 amicorum
1878 486 2028 510 meorum

143 542 176 572 et
203 538 317 573 relicte
340 550 413 573 mee
436 538 708 573 contradiccione
736 541 762 573 si
787 539 905 584 aliquis
934 549 1050 572 eorum
1079 549 1195 572 eorum
1224 537 1308 584 (sic)
1338 537 1578 571 contradixerit
1606 549 1673 571 non
1703 537 1855 573 obstante
1884 540 2027 584 penitus.

144 599 213 634 Sed
241 599 384 635 heredes
412 603 477 635 mei
506 602 578 635 siue
606 602 658 635 isti
688 600 806 646 quibus
837 603 868 634 111
892 603 1051 634 extremis
1080 600 1242 645 legauero
1265 599 1388 634 debent
1410 599 1576 634 deducere
1606 599 1647 633 ad
1675 611 1757 635 vsus
1787 611 1866 635 suos
1895 611 2028 646 queque

146 662 301 697 animalia
325 667 357 697 et
378 674 433 698 res
462 661 600 697 mobiles
627 673 690 708 que
720 661 841 696 suerint
871 665 1005 696 inuente
1027 665 1059 696 in
1089 664 1180 696 curia
1210 673 1284 696 mea
1315 661 1436 695 ibidem
1467 664 1498 695 111
1527 661 1719 696 NVazlaws.
1750 661 1889 695 Edilicia
1920 666 2029 696 autem

143 724 262 772 quibus
291 728 523 760 instaurauero
553 727 679 759 curiam
709 729 741 758 et
770 725 840 759 sala
878 727 909 759 in
940 727 1068 770 campis
1097 727 1290 770 spectancia
1328 723 1367 757 ad
1399 726 1505 770 ipsam
1541 726 1668 758 curiam
1710 723 1858 770 predicte
1895 724 2029 758 domine

144 787 185 822 de
214 787 442 822 Tliusnowicz
471 789 539 821 suis
568 786 687 821 vsibus
719 786 952 820 reseruabunt.
988 785 1030 820 Vt
1061 791 1171 820 autem
1200 788 1311 820 omnia
1348 790 1379 820 et
1408 786 1542 831 singula
1576 785 1725 832 predicta
1762 785 1855 820 firma
1891 797 2030 832 perma-

143 854 256 893 neant,
284 848 413 883 nobiles
454 851 519 883 viri
547 848 705 883 videlicet
747 848 900 883 dominus
931 847 1146 883 Hei-mannus
1189 847 1230 882 de
1259 847 1467 882 Primislaws
1497 847 1650 882 dominus
1694 858 1788 882 meus
1818 851 1850 882 et
1879 847 2031 882 (1011111135

142 910 302 946 Wotliich
332 910 372 946 de
395 910 624 946 Othaslawicz
653 915 685 945 et
706 910 859 945 domiuus
882 910 1037 945 Busecho
1067 910 1108 945 de
1131 909 1302 957 Lomnycz
1332 910 1373 944 ad
1396 910 1573 955 diligentes
1597 921 1716 956 preces
1746 921 1840 944 meas
1863 915 1894 944 et
1917 909 2029 944 fratris

142 976 208 1008 mei
235 973 394 1020 Woyslai
434 969 660 1020 promiserunt
688 975 714 1007 51
744 973 859 1007 relicta
903 984 989 1011 meaq
1026 972 1081 1006 uel
1110 971 1252 1007 heredes
1282 975 1346 1006 mei
1376 972 1587 1019 presentibus
1631 975 1848 1012 contrairent„
1880 976 1912 1005 et
1945 971 2030 1017 quod

142 1038 205 1083 ipsi
232 1034 370 1070 Nobiles
399 1034 521 1070 debent
564 1034 747 1069 defendere
775 1034 943 1081 predictas
986 1034 1139 1069 dominas
1169 1034 1210 1068 de
1239 1034 1469 1069 Thusnowicz
1512 1037 1543 1068 in
1568 1036 1646 1079 jure
1675 1045 1736 1068 suo
1779 1038 1811 1068 et
1841 1033 1881 1068 ad
1911 1045 2031 1080 preces

142 1109 236 1133 meas
270 1102 303 1132 et
336 1096 448 1132 fratris
484 1099 550 1131 mei
586 1108 646 1132 sua
677 1097 788 1142 sigilla
818 1100 850 1131 111
887 1096 990 1131 robur
1024 1101 1057 1131 et
1091 1099 1316 1131 testimonium
1346 1099 1493 1130 onmium
1524 1108 1640 1131 eorum
1670 1108 1733 1142 que
1762 1099 1927 1143 premissa
1958 1100 2030 1131 suut

143 1159 354 1207 presentibus
397 1159 638 1206 appenderunt.
682 1160 769 1193 Acta
800 1164 876 1193 sunt
905 1158 966 1193 hec
995 1161 1029 1193 in
1058 1158 1288 1193 Thusnowicz
1317 1170 1406 1193 33110
1443 1158 1565 1193 domiui
1595 1157 1753 1193 MOUCCO
1781 1169 1883 1192 nono.
1909 1158 2029 1192 Coram

142 1221 279 1257 testibus
309 1221 444 1256 domino
460 1220 623 1256 Lobkone
653 1221 693 1255 de
724 1221 883 1256 Clesbau.
908 1220 1074 1266 Witgone
1097 1220 1137 1254 de
1162 1220 1384 1255 Schirnewir.
1414 1220 1571 1255 ,Iohanne
1601 1220 1641 1254 de
1672 1219 1869 1254 Scorotliicz
1899 1225 1929 1254 et
1959 1220 2032 1265 alijs

142 1284 241 1330 quani
268 1283 416 1331 pluribus
444 1283 509 1318 fide
538 1283 660 1329 dignis.
690 1283 813 1317 Datum
843 1294 932 1317 auno
961 1288 994 1318 et
1021 1283 1096 1318 loco
1124 1282 1274 1330 prefatis,
1305 1286 1409 1317 tercio
1438 1282 1555 1317 Nonas
1583 1282 1701 1328 Marcij
1732 1282 1927 1317 Indiccione
1956 1281 2030 1316 Vll.

140 1345 211 1382 Nos
244 1349 356 1392 itaque
391 1345 606 1381 Hermannus
641 1345 682 1380 de
724 1345 919 1380 Primslaws
955 1350 987 1380 et
1014 1345 1167 1392 Wotych
1203 1345 1243 1380 de
1279 1344 1507 1380 Othaslawicz
1543 1349 1575 1379 et
1605 1345 1737 1379 Buseco
1767 1344 1808 1379 de
1837 1344 2032 1391 Lompnycz

141 1408 365 1455 predictorum
399 1407 537 1442 fratrum
568 1407 702 1442 Martini
739 1412 771 1442 et
798 1407 945 1442 Woislai
980 1410 1149 1455 proprium
1185 1407 1329 1453 sigillum
1359 1418 1426 1442 non
1462 1406 1654 1441 habentium
1690 1406 1847 1453 precibus
1885 1407 2031 1440 inclinati

142 1475 319 1517 presentes
348 1470 472 1505 litteras
500 1472 624 1505 nostris
662 1470 780 1515 sigillis
816 1470 972 1505 duximus
1006 1469 1229 1514 roborandas„
1266 1469 1387 1504 Datum
1416 1472 1450 1504 in
1479 1469 1615 1504 Brmma
1659 1480 1748 1503 anno
1777 1468 1906 1515 prefato
1936 1473 2033 1503 sexto

143 1532 229 1579 ydus
256 1531 387 1578 Marcij.

460 1594 622 1629 (Orig.eu1n
648 1595 733 1622 tribus
757 1594 869 1630 sigillis,
895 1604 909 1621 e
934 1595 1030 1630 quibus
1056 1595 1175 1622 ultimum
1201 1595 1311 1628 (Buseci
1337 1595 1370 1621 de
1395 1594 1518 1627 Lonmic)
1544 1594 1665 1621 avulsum
1692 1597 1744 1625 est,
1770 1594 1795 1620 in
1817 1593 1927 1620 archivo
1953 1594 2029 1628 ejus-

563 1648 623 1675 dem
648 1648 806 1676 monasterii
831 1649 901 1684 apud
926 1657 949 1676 c.
975 1658 996 1676 r.
1023 1649 1140 1676 Gubern.
1166 1648 1260 1676 Brunae
1285 1649 1334 1675 sub
1359 1648 1408 1675 Lit.
1436 1648 1465 1676 Y.
1491 1648 1567 1675 Fase.
1594 1648 1613 1675 1.
1643 1646 1707 1681 16.)

1021 1744 1148 1780 XXIII.

145 1813 326 1848 Conradus
354 1813 395 1847 de
423 1811 566 1847 Isobern
594 1812 713 1846 dolens
742 1812 783 1847 de
811 1812 1028 1856 eaecessz'bus,
1058 1824 1143 1859 quos
1177 1813 1211 1846 in
1246 1812 1398 1846 ecclesia
1439 1813 1473 1846 in
1505 1811 1652 1846 Grasaw
1686 1812 1885 1853 comiserat,
1925 1811 2032 1845 donat

195 1875 378 1921 capellano
414 1874 565 1910 Nicolao
603 1875 747 1909 medium
780 1885 933 1908 mansum
968 1874 1102 1909 ibidem.
1139 1873 1200 1908 Dt.
1234 1875 1329 1919 feria
1364 1873 1412 1908 ΙΙ.
1445 1877 1527 1919 post
1566 1874 1694 1919 festum
1729 1873 1768 1908 S.
1806 1873 1980 1908 Jolaanm's

924 1936 1098 1982 Baptistae
1128 1935 1241 1970 1309.

320 1997 520 2053 Conradus
549 2017 590 2052 de
620 2016 765 2061 Cobern,
796 2017 894 2052 heres
923 2019 956 2051 in
987 2014 1145 2060 GrasaW,
1173 2026 1234 2062 pro
1263 2016 1370 2051 salute
1399 2018 1511 2050 anime
1539 2027 1612 2061 5110,
1642 2015 1754 2051 fratris
1784 2019 1833 2051 sui
1864 2015 2031 2050 Herbordi

143 2084 175 2115 et
209 2083 462 2127 progenitorum
497 2091 633 2115 suorum
669 2079 803 2115 domino
838 2079 992 2123 NicolaQ
1028 2078 1202 2125 capellano
1238 2088 1299 2113 suo
1335 2081 1368 2113 in
1411 2077 1558 2113 Grasaw
1601 2080 1738 2124 suisque
1774 2077 2033 2117 successorilms

143 2146 250 2177 ratum
278 2147 310 2177 et
337 2146 469 2188 gratum
499 2141 625 2177 habere
653 2145 792 2188 cupiens
822 2153 974 2177 mausum
1012 2146 1044 2176 et
1073 2140 1253 2181 dimidiumq
1284 2152 1367 2187 quos
1399 2143 1537 2175 racione
1567 2140 1697 2175 decime
1721 2140 1884 2174 hacteuus
1907 2151 2033 2186 posse—

144 2203 249 2249 derat,
278 2204 367 2239 addit
394 2207 495 2250 igitur
522 2207 552 2239 ei
582 2204 686 2238 altero
716 2204 850 2239 dimidio
880 2215 998 2239 manso
1028 2203 1135 2238 adbuc
1163 2203 1307 2237 medium
1328 2214 1480 2238 3131151131
1503 2214 1578 2238 cum
1601 2205 1691 2237 omni
1716 2204 1794 2248 jure
1816 2207 1849 2236 et
1872 2202 2032 2237 dominio.

145 2266 262 2301 dolens
290 2266 331 2301 de
360 2266 571 2304 excessibusq
602 2278 686 2313 quos
716 2269 746 2301 in
778 2267 924 2301 ecclesia
960 2269 993 2300 in
1023 2265 1170 2300 Grasaw
1205 2268 1431 2310 commiserat,
1468 2276 1566 2311 quam
1603 2264 1644 2299 de
1674 2264 1772 2298 domo
1809 2267 1970 2299 orationis
2002 2267 2031 2297 iu

145 2328 337 2375 speluncam
366 2329 531 2364 latronum
559 2333 785 2373 conuerterat7
815 2333 848 2363 et
869 2328 957 2375 quod
979 2327 1143 2375 prefatum
1164 2327 1340 2362 Nicolaum
1368 2330 1402 2362 in
1424 2327 1526 2362 rebus
1543 2330 1612 2363 suis
1635 2327 1874 2361 molestauerat
1896 2326 2031 2372 pluries.

145 2390 207 2425 sibi
235 2394 268 2425 et
295 2390 548 2426 successoribus
578 2393 647 2426 suis
676 2390 718 2425 de
746 2390 868 2425 allodio
898 2401 958 2425 suo
988 2393 1020 2425 111
1050 2389 1186 2425 Kobern
1215 2389 1363 2425 decimas
1392 2390 1621 2437 manipulatim
1651 2388 1788 2434 dignum
1818 2388 1910 2422 duxit
1939 2399 2029 2421 con—

145 2452 330 2488 donandas.
373 2452 589 2488 Presentihus
630 2452 778 2488 Jescone
819 2453 920 2487 milite
962 2452 1003 2487 de
1032 2451 1239 2487 Lachindorf
1262 2451 1438 2486 Weldrico
1480 2451 1590 2486 iudice
1632 2454 1665 2485 in
1702 2450 1828 2485 Sesaw
1865 2449 2032 2494 Gregorio

145 2518 362 2561 procuratore
390 2526 462 2549 suo.
492 2514 615 2549 Datum
644 2518 797 2561 proxima
826 2515 911 2550 feria
940 2514 1089 2550 secunda
1118 2518 1194 2560 post
1222 2513 1320 2558 diem,
1350 2524 1416 2561 quo
1444 2513 1566 2548 festum
1596 2512 1710 2548 Sancti
1740 2510 1907 2546 ,1011311315
1936 2511 2033 2558 Bap-

146 2579 219 2612 tiste
249 2576 367 2611 colitur
394 2581 427 2611 et
454 2576 655 2611 celebratur.
686 2576 788 2611 Anno
818 2577 944 2611 domini
972 2574 1207 2611 MOCCCOIXO.

463 2657 497 2689 (E
522 2657 618 2684 codice
652 2657 857 2692 privilegiorum
887 2657 1062 2693 episcopatus
1093 2657 1215 2684 Olomuc.
1249 2657 1393 2684 membran.
1431 2665 1492 2684 saec.
1518 2656 1588 2683 xiv.
1615 2655 1746 2682 iiiitiautis
1778 2654 1801 2680 13
1829 2654 1895 2681 totio
1922 2654 2030 2681 3111111110

565 2710 589 2737 111
616 2710 726 2737 archivo
751 2710 878 2738 Cremsir.
906 2711 953 2738 toi.
979 2711 1012 2738 M.
1039 2710 1071 2737 V.
1098 2709 1225 2737 extraxit.
1253 2710 1284 2738 Α.
1311 2710 1444 2743 Boczek.)

1779 2758 1821 2787 :3⁴
