2341 3005
1069 155 1137 190 171

1015 288 1199 324 CCXXIX.

167 359 386 395 Elisabetha.
417 361 585 407 qnondam
621 361 744 406 reqina
772 359 950 394 Boheme'ae
983 363 1049 394 etc.
1086 360 1203 395 donat.
1240 364 1452 396 monasterio
1480 363 1585 398 Aulae
1612 376 1639 398 s,
1671 365 1796 400 Murice
1825 368 1857 401 in
1886 367 2042 414 Antiqua

188 422 307 457 Brema
334 423 437 457 villas
465 423 594 467 Μὲιιίη,
623 422 814 467 Ηαείορεὸ,
845 421 1013 456 8ίϋοιι·τ“ε
1040 425 1075 456 et
1102 422 1336 457 Νοείάνοιείσ.
1367 423 1495 458 Datum
1526 425 1654 460 Brome
1683 427 1764 462 Kal.
1788 428 1886 463 ,lunii
1908 429 2020 464 1323.

341 499 431 554 Nos
465 518 636 554 Elisabeth
673 519 725 553 dei
760 522 875 564 gracia
911 518 1050 554 Boemie
1079 524 1111 553 et
1138 519 1277 555 Polonie
1306 520 1451 566 Regina.
1486 521 1620 557 Domini
1654 523 1866 560 wencezlai.
1903 526 2043 562 Boemie

165 585 198 615 et
226 580 364 615 Polonie
393 581 560 628 quondam
587 581 694 626 Regis
722 580 863 625 Relicta.
893 580 1015 615 Notum
1044 581 1185 615 facimus
1214 586 1331 617 tenore
1359 587 1572 630 presencium
1602 588 1769 621 vniuersis
1802 592 1868 622 tam
1896 600 2044 635 presen-

165 642 251 677 tibus
280 654 377 689 quam
406 642 538 687 futuris,
569 642 656 689 quod
684 642 811 689 pridem
841 643 1062 687 attendentes,
1099 655 1197 689 quain
1233 649 1366 690 gratum
1395 645 1469 680 Deo
1503 645 1576 680 sore
1611 648 1758 682 creditur
1793 653 1825 683 et
1857 655 2042 697 acceptum.

163 715 238 738 cum
266 708 320 751 pia
349 709 381 739 et
408 705 567 750 religiosa
595 704 668 739 loca
692 704 733 738 de
754 715 844 739 nouo
873 704 1064 739 fundantur.
1094 710 1126 739 et
1148 709 1179 739 in
1203 709 1251 740 eis
1274 709 1345 753 ipse
1368 707 1498 742 colatur
1521 709 1710 744 altissimus.
1733 715 1765 744 et
1785 710 1945 746 laudetur.
1971 712 2043 747 Hac

164 769 273 812 itaque
302 778 373 814 spe,
403 771 435 801 et
464 766 666 801 credulitatis
695 766 974 801 consideracione
1003 767 1146 801 inducta.
1178 772 1210 802 et
1239 772 1412 814 cupientes
1450 781 1491 804 ea
1520 773 1554 804 in
1589 774 1687 806 terris
1721 771 1898 807 salubriter
1927 785 2041 819 agere.

164 840 224 875 per
251 839 317 874 que
344 831 379 863 iu
407 828 488 863 celis
517 828 603 875 apud
633 828 731 862 deum
761 833 875 862 eterna
904 831 1072 875 possimus
1101 832 1228 875 premia
1258 830 1409 876 adipisci.
1445 831 1500 866 Ad
1535 832 1669 867 laudem
1698 838 1729 868 et
1758 834 1901 880 gloriam
1931 839 2043 870 omni-

162 893 307 937 potentis
335 890 400 935 dei.
431 895 463 925 et
492 890 653 925 honorem
681 893 854 935 genitricis
883 893 955 925 eius
980 890 1077 925 beate
1098 890 1207 925 Marie
1228 895 1373 937 virginis
1399 893 1547 938 gloriose
1570 893 1813 930 Monasterium
1835 896 2041 932 Monialium.

163 951 251 998 quod
278 952 367 987 Aula
396 947 513 987 sancte
540 951 647 987 Marie
676 957 818 986 vocatur
844 952 1042 997 Wilgaritcr.
1071 955 1104 987 in
1133 953 1207 987 loco
1238 953 1293 988 ubi
1323 954 1440 988 dicitur
1468 956 1615 1001 Antiqua
1644 956 1770 992 Bruna.
1809 958 2042 993 Olouiucensis

162 1013 342 1061 Dyocesis,
373 1014 620 1061 Cysterciensis
649 1014 785 1057 ordinis,
823 1014 863 1048 de
898 1025 986 1048 nouo
1024 1013 1247 1050 fundauimus.
1284 1020 1492 1051 serenissimi
1525 1017 1688 1065 Principis
1724 1019 1847 1054 domini
1881 1020 2043 1054 Johannis

161 1075 300 1110 Boemie
329 1080 361 1110 et
388 1075 526 1110 Polonie
560 1076 666 1121 Regis
702 1087 741 1110 ac
776 1075 1082 1122 Lucemburgensis
1118 1077 1272 1112 Comitis.
1307 1083 1338 1112 et
1374 1078 1439 1112 loci
1474 1079 1675 1126 dyocesani.
1718 1081 1758 1115 ad
1795 1082 1825 1116 id
1860 1082 2043 1117 accedente

161 1137 384 1185 beneplacito,
414 1142 447 1172 et
474 1149 654 1182 consensu,
684 1141 737 1172 cui
767 1138 898 1184 quidem
927 1137 1144 1183 Monasterio.
1177 1144 1207 1173 ut
1237 1140 1419 1174 Abbatissa
1449 1146 1480 1175 et
1512 1147 1698 1177 conuentus
1737 1144 2042 1179 sanctimonialium

162 1211 223 1234 seu
255 1211 391 1235 sorores
427 1211 467 1235 ac
494 1212 640 1247 persone
669 1203 701 1234 in
731 1203 802 1247 ipso
832 1200 1007 1245 degentes.
1037 1205 1127 1235 tanto
1156 1201 1303 1246 liberius.
1334 1207 1367 1237 et
1395 1206 1543 1249 quiecius
1572 1207 1699 1251 possint
1727 1205 1898 1252 obsequijs
1921 1206 2042 1240 diuinis

162 1261 347 1306 intendere,
377 1266 409 1296 et
439 1261 595 1297 deuotum
624 1274 663 1296 ac
693 1262 844 1296 sedulum
872 1262 1066 1308 impendere
1095 1263 1254 1298 altissimo
1283 1263 1488 1299 famulatum.
1520 1271 1642 1311 quanto
1673 1267 1789 1301 melius
1824 1272 1855 1302 et
1884 1279 2042 1303 comino-

162 1323 235 1359 dius
262 1323 360 1359 bonis
387 1323 587 1371 locupletate
616 1324 855 1371 temporalibus
884 1324 1007 1358 fuerint
1036 1336 1053 1358 a
1083 1328 1171 1359 curis
1201 1326 1409 1361 secularibus
1439 1327 1602 1373 relegate.
1634 1328 1674 1362 ad
1705 1332 1851 1375 ipsorum
1883 1330 2042 1364 altissimi.

161 1390 193 1420 et
220 1389 392 1432 genitricis
421 1386 553 1420 laudem
582 1390 614 1420 et
641 1386 794 1432 gloriam.
825 1391 1001 1432 sperantes
1030 1398 1091 1433 per
1120 1387 1182 1422 hoe
1212 1391 1261 1422 eis
1298 1393 1428 1434 gratum
1466 1389 1598 1424 offerre.
1635 1395 1666 1424 et
1702 1391 1909 1438 acceptabile
1945 1391 2045 1426 bolo-

162 1452 325 1492 caustum„
354 1459 418 1482 nec
446 1459 514 1482 non
543 1459 603 1494 pro
633 1448 870 1483 diuini.cultus
900 1453 1092 1494 augmento,
1128 1454 1319 1484 nostrorum
1349 1454 1583 1486 remissionem
1619 1456 1863 1499 peccaminum.
1895 1453 2043 1488 eiusdem

163 1512 341 1554 consortis.
371 1514 403 1544 et
431 1510 572 1544 aliorum
600 1513 853 1556 progenitorum
882 1515 913 1545 et
942 1510 1195 1545 benefactorum
1226 1517 1415 1546 nostrorum
1443 1516 1629 1548 animarum
1660 1515 1776 1549 salute.
1808 1520 1920 1549 nostra
1950 1527 2042 1562 pura.

163 1571 266 1606 libera
295 1575 327 1605 et
355 1576 542 1618 spontanea
572 1576 604 1606 et
636 1575 781 1617 gratuita
818 1572 1002 1606 voluntate.
1041 1577 1073 1607 et
1108 1585 1152 1608 ex
1185 1578 1276 1608 certa
1311 1579 1424 1608 nostra
1458 1578 1616 1610 sciencia.
1657 1577 1768 1610 villani
1807 1576 1976 1611 forensem
2013 1580 2043 1610 iu

161 1632 306 1680 Meneys
335 1638 367 1667 et
396 1633 506 1667 uillam
535 1632 706 1667 forensem
735 1637 767 1668 in
796 1633 999 1680 Hustopecz.
1029 1646 1104 1669 cum
1132 1636 1220 1669 villis
1250 1636 1450 1670 Stirzowicz
1476 1641 1506 1671 et
1531 1637 1779 1681 Nostarowicz.
1810 1650 1892 1684 quas
1915 1650 1932 1672 a
1958 1638 2044 1672 dicto

162 1694 260 1740 Rege
287 1695 427 1729 Boemie
457 1699 490 1730 et
518 1707 536 1729 a
564 1694 740 1729 Nobilibus
768 1697 862 1739 viris.
892 1695 1074 1731 U'illielmo
1105 1701 1135 1731 et
1157 1697 1323 1732 Friczone
1353 1698 1510 1733 fratribus
1541 1699 1580 1732 de
1604 1698 1811 1743 ligerberch.
1842 1711 1902 1746 pro
1931 1704 2043 1734 nostra

163 1759 299 1804 propria
335 1761 451 1803 parata
486 1760 629 1804 pecunia
664 1760 804 1791 emimus
838 1761 869 1791 et
902 1761 1189 1804 comparauinius.
1226 1759 1265 1793 ad
1300 1771 1361 1793 nos
1398 1759 1479 1794 Jure
1517 1759 1719 1795 hereditario
1756 1765 1787 1795 et
1821 1764 2044 1808 proprietario

163 1823 364 1866 spectantes.
395 1830 471 1853 cum
498 1818 579 1853 Jure
608 1819 768 1866 spirituali
798 1823 829 1853 et
859 1820 1042 1865 temporali.
1073 1832 1146 1854 cum
1177 1823 1266 1854 omni
1296 1821 1442 1855 dominio
1472 1821 1598 1856 directo
1628 1822 1682 1856 vel
1718 1823 1798 1866 vtili.
1837 1835 1911 1857 cum
1945 1823 2045 1857 Judi-

163 1882 244 1926 σῇς,
279 1881 488 1915 vulitaubus.
518 1880 717 1924 redditibus.
756 1881 992 1927 proucutibus.
1036 1885 1159 1928 pratis.
1197 1885 1351 1928 pascuis,
1390 1883 1653 1929 piscacionibus,
1694 1887 1804 1930 aquis.
1840 1896 2045 1931 aquarumue

163 1942 373 1987 decursibus,
401 1942 615 1986 Molendinis.
646 1946 738 1989 agris
767 1943 861 1977 cultis
891 1948 921 1977 et
951 1944 1094 1977 incultis.
1125 1943 1303 1978 Montibus.
1334 1944 1453 1991 planis.
1484 1945 1576 1979 siluis
1606 1950 1636 1980 et
1668 1946 1819 1981 Habetis.
1859 1959 1898 1981 ac
1932 1959 2045 1993 gene-

162 2004 276 2039 raliter
303 2016 379 2039 cum
407 2004 561 2040 omnibus
591 2009 622 2039 et
651 2005 791 2050 singulis
820 2008 888 2039 suis
917 2007 1133 2052 pertinent-ijs
1175 2005 1259 2050 alijs.
1303 2009 1391 2040 omni
1434 2007 1544 2041 modo.
1588 2006 1707 2042 forma.
1751 2014 1782 2043 et
1807 2010 1896 2054 jure.
1927 2009 2044 2055 quibus

165 2066 282 2102 melius
312 2066 387 2111 dici.
418 2069 562 2110 censeri.
592 2066 676 2101 fieri.
708 2071 739 2101 et
767 2067 881 2101 ualere
910 2071 1028 2113 potest.
1060 2071 1090 2101 et
1121 2071 1273 2113 poterunt
1303 2070 1333 2101 in
1364 2067 1519 2103 futurum.
1551 2072 1583 2103 in
1612 2069 1722 2104 dotem
1746 2075 1775 2104 et
1800 2070 1884 2105 dotis
1910 2074 2044 2105 nomine

163 2128 315 2175 prouida,
344 2131 398 2175 pia
427 2133 459 2163 et
484 2140 575 2163 mera
599 2128 795 2163 liberalitate
818 2132 1057 2175 imperpetuum
1080 2129 1296 2163 concedimus
1319 2135 1349 2164 et
1371 2130 1544 2175 donamus,
1569 2143 1630 2178 per
1656 2132 1793 2166 easdem
1814 2132 2041 2166 Abbatissain.

163 2195 194 2224 ct
224 2189 446 2225 Conuentum.
477 2191 622 2225 Sorores
652 2195 682 2225 et
712 2202 887 2237 personas.
918 2196 1092 2237 presentes
1122 2196 1153 2225 et
1182 2196 1335 2237 posteras
1365 2194 1395 2226 in
1428 2204 1507 2227 vsus
1543 2197 1698 2240 proprios
1727 2197 1897 2240 perpetuis
1927 2194 2043 2227 futuris

165 2251 369 2298 temporibus
396 2252 478 2286 Jure
513 2252 715 2287 hereditario
754 2257 785 2286 et
820 2255 1040 2299 proprietario
1076 2253 1248 2287 tenendas.
1286 2254 1517 2300 possidendas.
1555 2260 1586 2289 et
1622 2259 1728 2289 eciam
1764 2255 1983 2289 vtil'ruendas.
2025 2267 2041 2289 a

163 2313 279 2357 Nobis.
310 2313 374 2348 filia
404 2319 529 2348 nostra.
560 2319 591 2349 et
621 2320 685 2349 tam
709 2318 777 2349 suis
800 2326 897 2360 quam
923 2317 1045 2348 nostris
1068 2314 1245 2348 heredibus
1271 2320 1301 2349 et
1323 2317 1575 2351 successoribus
1598 2317 1744 2363 quitquid
1774 2316 1861 2350 Juris
1895 2320 2042 2350 accionis

164 2375 217 2410 uel
245 2378 294 2410 rei
323 2387 410 2409 nunc
440 2378 473 2410 in
502 2375 597 2411 dictis
626 2376 713 2411 villis
742 2381 773 2411 et
803 2376 898 2410 bonis
922 2379 1088 2422 competit.
1120 2376 1170 2409 uel
1201 2382 1314 2422 posset
1339 2383 1532 2424 competere
1562 2378 1807 2424 quomodolibet
1838 2381 1869 2412 iu
1899 2378 2041 2411 futurum

164 2448 345 2484 expresse,
383 2441 415 2471 et
450 2440 582 2483 precise
618 2441 747 2484 penitus
783 2438 995 2472 abdicantes.
1033 2450 1072 2471 ac
1108 2441 1336 2484 promittentes
1369 2439 1439 2474 Nos
1474 2440 1534 2474 sub
1572 2440 1738 2487 ypotheca
1769 2444 1801 2474 et
1830 2439 2043 2485 obligaeione

163 2502 310 2533 omnium
340 2499 478 2533 aliorum
509 2504 697 2534 nostrorum
728 2500 888 2534 bonorum
920 2499 1105 2533 huiusmodi
1136 2504 1267 2534 nostras
1302 2500 1535 2536 donacionem.
1571 2504 1839 2536 concessionem.
1877 2505 1907 2535 et
1943 2500 2043 2535 abdi-

163 2563 354 2604 canonem,
395 2565 502 2595 ratas.
542 2566 673 2606 gratas.
710 2566 740 2595 et
771 2562 881 2596 Crinas
911 2566 1071 2608 perpetuo
1107 2561 1251 2596 babere.
1288 2567 1319 2597 et
1356 2567 1488 2598 tencre.
1526 2568 1555 2597 et
1586 2564 1674 2597 nullo
1704 2574 1860 2608 vmquani
1891 2567 2041 2609 tempore

165 2633 225 2668 per
252 2634 313 2657 nos
342 2622 394 2657 uel
424 2622 622 2657 submissam
653 2635 842 2669 personam.
875 2629 927 2657 aut
959 2624 1054 2656 alium
1085 2635 1143 2657 scu
1175 2623 1257 2658 alios
1286 2629 1402 2659 contra
1434 2625 1558 2659 facere.
1590 2625 1641 2658 uel
1671 2627 1797 2658 uenire.
1829 2623 1961 2670 publice
1991 2624 2042 2657 nel

167 2684 296 2719 occulte
326 2687 357 2718 in
386 2684 518 2719 Judicio
547 2687 618 2718 siue
647 2690 755 2728 extra.
787 2698 864 2732 ymo
895 2688 983 2732 ipsas
1028 2684 1210 2719 defendere
1240 2685 1280 2720 ab
1309 2686 1463 2721 omnibus
1493 2686 1681 2720 hominibus
1710 2685 1930 2732 omnibusque
1960 2697 2043 2732 par-

1775 2747 1832 2776 *22⁸
