2325 2941
1230 135 1278 170 38

328 251 478 284 nolumus
507 249 592 295 quod
620 249 731 283 liberis
760 248 833 293 filijs
861 253 894 282 et
920 248 1048 283 filiabus
1077 260 1135 283 seu
1164 249 1331 291 fratribus‚
1361 259 1521 283 eorumve
1544 248 1618 293 filijs
1642 247 1724 282 infra
1747 253 1894 294 quartam
1915 251 2176 294 generacionem

329 311 527 345 extantibus.
558 310 695 343 alieuius
725 312 828 343 nostri
856 309 975 344 subditi
1003 309 1089 344 bona
1119 309 1160 343 ad
1188 321 1249 344 nos
1277 314 1441 355 tamquam
1469 313 1644 352 vacancia,
1679 312 1743 343 nisi
1775 314 1908 355 propter
1936 313 2061 344 crimen
2089 321 2178 344 con-

329 371 474 405 fiscanda
504 371 622 414 forent„
652 370 880 414 deuoluantur,
910 382 969 405 seu
997 375 1110 405 nostro
1146 373 1254 405 erario
1289 370 1504 416 applicentur.
1541 370 1643 404 Porro
1677 374 1713 405 vt
1745 373 1813 404 suis
1845 371 2038 406 Vtilitatibus
2075 374 2179 405 nostri

328 432 443 465 subditi
487 433 633 476 quiecius
674 431 845 465 intendant
887 436 919 465 et
946 431 1149 465 commodius
1191 434 1439 477 conquiescant,
1482 430 1567 465 hanc
1595 434 1643 465 eis
1685 431 1837 465 duximus
1878 430 1990 466 facere
2030 435 2179 477 graciam

328 493 517 538 specialem,
561 492 646 537 quod
675 492 758 526 vltra
800 497 904 526 metas
933 492 1042 537 Regni
1083 495 1188 526 nostri
1216 492 1365 535 Boemie‚
1407 496 1440 525 et
1465 491 1713 526 Marchionatus
1753 491 1916 536 Morauie,
1958 492 1999 526 ad
2039 504 2179 539 quorum

328 553 555 586 defensionem
596 553 778 599 Principes,
822 553 982 596 Baroncs,
1025 551 1162 587 Nobiles
1203 553 1312 598 Regni
1353 555 1456 587 nostri
1497 552 1634 587 Boemie
1669 557 1700 586 et
1735 552 1982 588 Marchionatus
2015 553 2178 597 Morauie7

327 619 440 647 contra
471 625 602 647 omnem
632 614 796 647 hominem
825 613 920 647 nobis
950 616 1105 648 assistere
1134 613 1271 648 fideliter
1298 616 1520 660 promiserunt
1547 625 1606 659 pro
1635 613 1876 658 subingacione
1909 613 2045 649 alicuius
2073 614 2178 648 Terre

327 675 528 719 alienigene,
565 685 624 708 eos
659 678 777 708 inuitos
812 674 998 708 nullatenus
1033 675 1280 721 compellemus,
1315 674 1485 708 Postremo
1520 685 1593 708 cum
1629 674 1760 708 Sturam
1801 685 1864 720 que
1905 674 1972 708 Ber
2005 675 2178 720 wlgariter

326 736 444 769 dicitur
472 739 502 769 in
532 736 664 769 casibus
692 738 843 782 superius
872 738 1053 781 expressis.
1083 735 1155 770 Nec
1183 747 1248 770 non
1277 738 1310 769 in
1345 738 1570 770 coronacione
1604 734 1710 780 Regis
1746 735 1895 778 Boemie,
1931 738 1965 769 in
2000 746 2064 781 quo
2099 747 2180 771 casu

328 797 438 831 Berna
469 800 574 830 eciam
604 801 654 830 cst
682 797 833 830 tollenda.
866 799 1019 842 accipere
1046 808 1108 831 nos
1137 799 1313 842 contigerit
1346 797 1498 831 nolumus
1525 800 1562 831 vt
1588 795 1660 842 plus
1688 807 1785 842 quam
1813 807 1897 830 unus
1931 795 2017 830 ferto
2051 799 2180 841 argenti

327 858 366 891 de
396 858 493 892 laneo
522 861 706 903 requiratur
734 857 788 891 vel
817 857 1022 903 aliquatenus
1050 861 1215 902 exigatur.
1247 856 1319 899 Que
1341 860 1451 891 omnia
1480 861 1513 891 et
1533 857 1662 902 singula
1691 857 1805 902 sigillis
1834 861 1947 891 nostre
1976 857 2180 892 excellencie

326 918 464 952 fecimus
494 921 699 952 communiri.
735 917 856 952 Datum
891 918 1025 952 Brunne
1059 917 1183 952 X11110.
1226 918 1394 952 Kalendas
1422 918 1509 963 Julij.
1552 918 1652 952 Anno
1688 918 1810 952 domini
1844 917 2030 953 Millesimo.
2068 917 2177 953 (300⁰.

325 979 521 1014 Vndecimo.
553 979 745 1025 Regnorum
774 990 856 1013 vero
886 984 1073 1013 nostrorum
1101 980 1202 1013 Anno
1231 979 1350 1013 Primo,

639 1059 726 1093 (Oi-ig.
753 1059 897 1085 membran.
923 1067 980 1085 cum
1004 1058 1096 1093 sigillo
1122 1058 1252 1085 bilaterali
1276 1062 1355 1094 rupto
1379 1058 1404 1085 in
1428 1058 1537 1085 archivo
1562 1058 1760 1085 marchionatus
1784 1057 1907 1084 Morariae
1931 1058 1979 1084 sub
1997 1058 2041 1086 Nr.
2066 1057 2091 1086 l.
2111 1057 2182 1085 inter

741 1111 794 1138 I'rix
803 1111 906 1145 ilcgiai)

1236 1205 1271 1240 L.

324 1272 513 1316 Johmmes,
543 1272 650 1306 abbas
679 1273 882 1306 monasterii
907 1272 952 1306 ad
979 1272 1017 1306 S.
1048 1272 1188 1306 Petrum
1215 1271 1402 1316 Erforde‘oe,
1433 1273 1599 1316 transfert
1627 1271 1822 1316 deputatum
1853 1270 1920 1304 sibi
1945 1283 2061 1305 niumm
2090 1282 2179 1305 con-

324 1336 516 1368 serenlore's
545 1335 674 1367 ordinis
706 1334 956 1379 cysterciensis
985 1334 1098 1379 quoad
1124 1335 1335 1367 monasteria
1368 1333 1607 1367 Tz'snovz’eense
1635 1336 1669 1366 et
1699 1332 1942 1366 Oslawanense
1963 1333 1997 1365 in
2019 1333 2181 1366 decanum

610 1395 766 1429 eeclesiae
797 1395 1039 1429 Olonmeensi&
1070 1394 1198 1428 Datum
1226 1394 1402 1438 Erfordz'ae
1430 1394 1498 1428 III.
1528 1394 1648 1428 Nonas
1675 1393 1763 1426 ‚Iulii
1791 1392 1900 1427 1311.

497 1471 690 1526 Joliannes
713 1491 764 1525 dei
786 1494 899 1536 gracia
922 1490 1039 1525 Ahhas
1060 1490 1252 1535 Monasterij
1275 1489 1396 1524 Montis
1418 1489 1533 1523 Sancti
1554 1489 1639 1523 Petri
1658 1488 1894 1532 Erfordiensis,
1920 1487 2053 1523 Ordinis
2075 1491 2181 1523 sancti

323 1552 506 1595 Benedicti,
535 1552 800 1597 Moguntinensis
829 1552 996 1599 dyocesis,
1031 1552 1142 1586 Judex
1176 1556 1208 1585 et
1243 1552 1467 1586 Conseruator
1502 1550 1746 1597 Cysterciensis
1781 1549 1905 1584 ordinis
1939 1554 2129 1596 perpetuus,
2159 1560 2177 1583 a

323 1614 412 1648 Sede
441 1614 622 1660 apostolica
651 1614 835 1660 deputatus,
864 1613 1048 1648 venerabili
1077 1616 1150 1647 viro
1171 1612 1303 1646 domino
1333 1640 1340 1646 .
1373 1639 1379 1646 .
1411 1640 1418 1646 .
1448 1612 1586 1646 Decano
1607 1614 1741 1645 maioris
1762 1610 1914 1646 Ecclesie
1935 1610 2178 1653 Olomucensis,

324 1675 470 1709 Salutem
499 1680 530 1709 et
558 1678 723 1710 sinceram
751 1678 784 1709 in
813 1675 875 1708 deo
910 1674 1096 1708 karitatem.
1126 1674 1253 1708 Literas
1282 1673 1490 1708 Sanctissimi
1518 1675 1551 1707 in
1580 1672 1709 1707 Christo
1737 1674 1838 1718 patris
1872 1683 1912 1705 ac
1945 1670 2067 1705 domini
2097 1670 2180 1705 Cle-

324 1739 440 1770 mentis
470 1748 554 1782 pape
584 1735 705 1777 Quinti„
735 1747 801 1770 non
831 1747 935 1779 rasas.
966 1747 1031 1769 non
1060 1735 1271 1778 cancellatas7
1301 1746 1365 1768 non
1395 1734 1546 1777 abolitas,
1562 1745 1625 1768 nec
1654 1736 1686 1767 in
1705 1732 1812 1779 aliqua
1841 1735 1890 1767 sui
1911 1737 2005 1778 parte
2024 1735 2177 1775 viciatas7

324 1797 475 1838 vidimus„
512 1798 652 1839 legimus
694 1802 726 1831 et
766 1800 964 1843 recepimus.
1001 1801 1149 1830 tenorem
1184 1799 1237 1842 qui
1272 1795 1481 1841 subsequitur
1520 1797 1738 1829 continentes.
1783 1793 1948 1836 Clemens,
1991 1792 2177 1839 Episcopus

324 1857 448 1891 Seruus
478 1858 657 1892 Seruorum
688 1858 751 1901 dei,
781 1858 899 1892 dilecto
928 1858 992 1891 lilio
1023 1885 1030 1891 .
1062 1885 1069 1891 .
1099 1856 1221 1891 Abbati
1257 1856 1451 1901 Monasterij
1488 1856 1603 1890 Sancti
1637 1855 1722 1889 Petri
1759 1857 1790 1888 in
1818 1854 1983 1898 Ersordia,
2013 1859 2075 1888 etc.
2106 1858 2170 1888 etc.

324 1930 425 1964 usque
455 1919 570 1952 Datum
600 1920 767 1953 Aninione
795 1919 899 1965 pridie
927 1918 1041 1953 Nonas
1070 1917 1287 1964 Septembris,
1323 1917 1533 1952 l'ontilicatus
1568 1919 1671 1950 nostri
1699 1916 1800 1950 Anno
1829 1915 1964 1957 Quarto,
1997 1915 2105 1959 (Vide
2132 1916 2178 1949 ad

322 1991 443 2013 alneum
468 1980 576 2013 1308.
601 1993 630 2014 u.
654 1980 735 2014 XX.
760 1981 792 2014 Ιι.
819 1980 878 2023 Τ.)
910 1980 990 2014 Cum
1018 1982 1116 2024 igitur
1145 1979 1284 2014 diuersis
1313 1983 1345 2013 et
1373 1978 1482 2013 arduis
1511 1980 1633 2012 nostris
1662 1982 1693 2011 et
1714 1977 1865 2012 Ecclesie
1893 1980 2005 2010 nostre
2027 1977 2179 2020 negocijs

322 2041 483 2087 prepediti
505 2044 605 2075 simus
622 2042 661 2075 ad
678 2054 828 2088 presens,
853 2045 895 2076 ita
919 2041 1004 2086 quod
1027 2043 1137 2075 causis
1160 2040 1404 2085 Religiosarum
1426 2050 1466 2073 ac
1489 2042 1521 2073 in
1544 2038 1673 2073 Christo
1688 2037 1888 2072 Dilectarum
1910 2036 2126 2070 Dominarum
2144 2064 2150 2070 .
2169 2064 2176 2070 .

322 2101 575 2135 Abbatissarum
604 2107 635 2135 et
668 2103 894 2137 Conuentuum
938 2106 969 2136 in
999 2102 1245 2136 'l'usclmowicz
1280 2106 1313 2135 et
1341 2103 1372 2134 in
1403 2100 1483 2134 Ozla
1517 2099 1806 2141 Monasteriorum,
1839 2096 2017 2143 supradicti
2053 2097 2178 2132 ordinis

323 2163 578 2209 Cysterciensis.
609 2174 673 2196 non
704 2167 867 2209 possimus
896 2163 1069 2198 commode
1098 2166 1271 2205 interesse,
1301 2161 1397 2196 vobis
1417 2166 1453 2196 vt
1481 2161 1663 2196 secundum
1691 2159 1910 2206 predictarum
1939 2158 2035 2192 nobis
2064 2158 2179 2193 dirce-

323 2228 428 2257 tarum
471 2227 711 2258 continenciam
753 2225 932 2267 literarum,
973 2224 1206 2259 Molcstatorcs
1248 2236 1287 2257 ac
1328 2225 1538 2257 iniuriatores
1578 2221 1833 2256 Abbatissarum
1874 2224 1906 2253 et
1947 2219 2177 2254 Conuentuum

321 2284 597 2319 Monasteriormn
628 2284 847 2330 predictorum
877 2296 1082 2331 conpescere
1110 2285 1262 2327 valeatis,
1292 2287 1524 2318 committimus
1552 2281 1759 2329 presentibus
1788 2283 1881 2315 vices
1903 2285 2047 2324 nostras,
2068 2280 2176 2315 donec

323 2349 412 2392 ipsas
442 2345 481 2379 ad
511 2358 572 2379 nos
602 2345 793 2379 duxerimus
822 2346 1041 2381 reuocandas.
1072 2346 1192 2380 Datum
1222 2346 1373 2380 Ersordie
1401 2345 1502 2379 Anno
1531 2344 1653 2378 domini
1667 2341 1821 2376 MOCCC⁰
1837 2340 2032 2385 Vndecimo,
2056 2341 2176 2376 Tercio

322 2407 436 2442 Nonas
464 2407 552 2452 Julij.

632 2486 720 2521 (θήρ.
747 2486 889 2513 membran.
917 2495 973 2512 cuin
998 2486 1090 2520 sigillo
1113 2490 1276 2513 conservato
1306 2486 1330 2512 in
1355 2485 1463 2513 archivo
1483 2483 1637 2511 monasterii
1656 2482 1857 2510 Tisnovicensis
1877 2482 1945 2518 apud
1965 2483 1994 2510 C.
2014 2483 2043 2510 R.
2058 2481 2176 2509 Gubern.

736 2539 826 2565 inunu-
851 2540 900 2565 sub
926 2538 965 2565 lit.
991 2539 1020 2566 1).
1047 2548 1071 2565 n.
1100 2538 1162 2573 17.)
