2325 2941
1193 137 1266 172 112

294 254 497 302 plenitudine
526 255 709 299 potestatis„
752 263 793 285 ac
821 251 973 286 uolentes
1016 256 1047 286 et
1076 251 1194 286 eadem
1237 254 1433 285 auctoritate
1475 251 1709 294 decernentes,
1752 256 1786 285 ut
1814 255 2059 298 suprascriptus
2087 252 2164 287 dicti

295 315 459 362 priuilegii
489 319 584 348 tenor
611 312 821 359 presentibus
850 315 898 347 sic
933 315 1088 351 insertus,
1131 324 1191 358 per
1219 314 1329 346 omnia
1371 315 1525 357 uigorem
1553 312 1702 347 obtineat
1741 317 1901 358 perpetue
1930 312 2102 357 firmitatis,
2131 318 2166 348 et

296 377 427 423 plenam
456 375 551 408 fidem
582 385 622 408 ac
650 373 889 420 probacionem
917 373 1029 417 saciat,
1060 378 1125 407 tam
1154 376 1187 407 in
1211 373 1339 417 judicio
1368 384 1467 418 quam
1496 378 1604 417 extra,
1634 376 1771 407 eciamsi
1800 384 1968 419 nunquam
1997 374 2163 420 originale

294 436 505 484 priuilegium
533 434 716 481 predictum
760 439 948 481 appareret,
990 445 1054 469 nec
1082 436 1190 468 eciam
1231 433 1422 477 haberetur,
1451 445 1561 479 neque
1602 437 1643 469 sit
1670 445 1812 469 necesse
1853 434 1929 468 illud
1958 435 2165 481 aliquatenus

296 496 458 532 exhiberi.
488 495 524 530 In
553 498 648 530 cuius
675 498 725 529 rei
755 498 988 538 testimonium,
1017 499 1192 541 presentes
1220 495 1335 529 literas
1364 494 1447 538 fieri,
1470 499 1503 529 et
1530 495 1646 540 sigillis
1667 494 1851 530 Maiestatis
1874 499 1988 530 nostre
2009 499 2165 531 iussimus

295 559 503 592 communiri.
533 556 655 591 Datum
679 556 792 590 Brune
819 568 880 602 per
907 567 1025 590 manus
1049 555 1264 591 Honorabilis
1291 555 1455 590 .lohannis
1481 555 1643 601 Pragens.
1675 555 1870 590 Olomucen.
1902 560 1934 590 et
1960 555 2166 602 wissegra-

296 619 408 652 densis
437 617 665 652 Ecclesiarum
695 616 867 660 Canonici,
897 616 1141 651 Protlionotarii
1161 619 1266 651 nostri
1291 616 1411 650 dilecti.
1434 616 1536 650 Anno
1560 616 1693 651 Domini
1713 616 1890 651 Millesimo
1912 616 2164 653 Trecentesimo

296 680 425 713 Octauo
455 678 596 713 decimo.
626 677 715 712 vlu.
744 678 821 713 Idus
851 677 1057 724 Septembris
1085 678 1282 723 Regnorum
1310 688 1392 712 uero
1421 681 1611 712 nostrorum
1640 689 1728 712 anno
1758 682 1890 712 octauo.

601 749 653 781 (Ex
668 748 742 783 Orig.
758 749 804 781 (Μ.
819 748 839 775 1.
855 747 941 781 536.)
958 747 983 774 ἰη
998 748 1108 775 archivo
1122 747 1243 782 ejusdem
1257 747 1374 774 civitatis
1388 756 1445 774 cum
1459 747 1551 782 sigillo
1565 748 1686 782 equestri
1700 748 1808 783 integro
1826 748 1970 783 descripsit
1983 748 2017 776 A.
2032 748 2164 782 Boczek.)

1175 842 1288 878 CXLI.

300 910 510 956 Compositio
540 910 610 944 litis
649 912 740 944 iuter
777 909 1018 944 Elc'sabetlmm
1057 910 1098 943 cle
1136 909 1276 943 Plau-cz
1313 913 1347 943 et
1379 913 1543 954 patruum
1581 909 1671 943 illius
1707 909 1911 952 Zboronem,
1942 911 2166 955 praeposz’tum

297 971 551 1006 Olonmeeusem
580 973 676 1005 circa
703 971 806 1005 ‘villas
834 970 986 1015 Lucum,
1004 971 1259 1015 Bolmslawr‘cz,
1289 970 1440 1015 Hatzlsy,
1463 970 1618 1016 Moqetin
1646 974 1681 1005 et
1708 970 1832 1005 Lleota.
1862 970 1923 1005 Dt.
1941 973 1973 1004 in
2006 971 2166 1005 Olomucz,

1005 1033 1059 1066 (lie
1088 1031 1117 1066 b.
1147 1032 1309 1066 Maurite'i
1336 1031 1448 1066 1318.

469 1092 566 1157 Ego
594 1111 780 1155 Elizabeth,
810 1111 977 1157 quondam
1007 1111 1071 1145 filia
1101 1110 1336 1145 dominiVnce
1365 1111 1406 1145 de
1428 1111 1573 1148 Plau'cz,
1596 1122 1685 1146 vxor
1699 1110 1874 1154 Wilmam,
1897 1110 1950 1156 filij
1975 1110 2166 1145 Zdenconis

297 1173 337 1207 de
368 1172 526 1216 Czekina,
569 1172 677 1207 fatcor
721 1178 836 1208 tenore
878 1175 1091 1219 presencium
1132 1175 1310 1215 vniuersiS,
1341 1172 1428 1218 quod
1470 1183 1544 1206 cum
1573 1172 1801 1221 honorabilem
1842 1175 1961 1216 virum,
1998 1172 2166 1206 dominum

295 1233 496 1278 Sboronem,
526 1237 729 1281 prepositum
759 1234 1031 1278 Olomucenscm,
1060 1238 1213 1280 patruum
1254 1245 1376 1272 meum,
1406 1245 1466 1280 pro
1496 1233 1593 1268 bonis
1628 1236 1661 1267 in
1690 1233 1823 1267 Luczan
1854 1261 1860 1267 .
1890 1232 2127 1267 Bohuslawicz
2157 1260 2164 1267 .

295 1295 426 1330 Hatzki.
457 1295 606 1341 Mogetin
634 1307 673 1329 ac
693 1295 810 1335 Lliota,
832 1300 864 1330 et
885 1299 1032 1342 ipsorum
1061 1296 1277 1342 pertinencijs
1306 1295 1472 1339 omnibus,
1500 1297 1531 1328 in
1557 1305 1697 1339 quorum
1719 1294 1927 1339 singulorum
1951 1293 2164 1337 dimidietate,

294 1368 347 1392 me
376 1357 604 1403 proponebam
634 1359 704 1391 iure
733 1357 935 1391 hereditario
964 1356 1089 1391 debere
1118 1356 1314 1395 succedere„
1344 1359 1447 1390 citare
1476 1356 1597 1390 vellem
1633 1355 1673 1389 ad
1709 1355 1863 1389 iudicium
1894 1355 2058 1398 seculare,
2090 1359 2166 1389 ante

294 1418 381 1452 litem
412 1423 545 1461 motam,
575 1421 660 1452 inter
687 1418 870 1464 predictum
900 1421 1103 1464 prepositum
1133 1422 1165 1451 et
1192 1429 1257 1456 mc,
1288 1417 1472 1451 amicabilis
1501 1420 1716 1463 composicio„
1752 1428 1812 1463 per
1848 1416 2016 1450 (lominum
2051 1416 2167 1450 Diwi-

294 1479 422 1514 sellium
451 1479 492 1513 (le
521 1479 737 1517 Sternberchq
767 1479 1000 1525 purchrauium
1032 1478 1303 1522 (⁷)loimieensem,
1332 1478 1524 1512 Naliradum
1547 1478 1587 1512 de
1609 1478 1741 1518 Binow,
1765 1477 1949 1512 Radzlaum
1971 1477 2012 1511 de
2033 1476 2164 1524 Lipnik,

295 1539 450 1574 Ottonem
480 1540 520 1574 de
548 1539 775 1583 Naszmericz,
806 1540 947 1575 arbitros
976 1551 1036 1586 per
1064 1551 1126 1574 nos
1155 1540 1281 1574 electos
1317 1544 1349 1574 ct
1384 1542 1627 1586 compositores
1663 1539 1856 1573 amicabiles
1891 1541 2070 1573 interuenit
2103 1541 2163 1581 sic,

295 1601 381 1647 quod
410 1601 576 1648 predictus
618 1604 806 1648 prepositus
848 1601 944 1636 villas
972 1601 1136 1646 Mogetin,
1180 1601 1295 1645 Lbota,
1338 1600 1469 1638 Hatzki,
1513 1612 1586 1635 cum
1629 1603 1718 1635 omni
1747 1603 1829 1644 iure,
1860 1600 1946 1646 quod
1988 1599 2028 1634 ad
2056 1602 2164 1646 ipsum

296 1665 447 1708 pertinet,
477 1662 531 1697 vel
560 1666 727 1709 pertinere
756 1663 975 1707 dignoscitur,
1005 1674 1044 1696 ac
1074 1665 1209 1708 insuper
1238 1665 1370 1707 triginta
1407 1662 1488 1696 (luas
1530 1673 1660 1696 marcas
1701 1672 1896 1707 grossorum
1939 1661 2163 1703 denariorum,

297 1723 335 1757 ad
366 1724 493 1769 pondus
535 1723 754 1765 Morauicum,
797 1724 895 1758 michi
937 1727 1127 1769 assignare,
1171 1728 1204 1758 et
1238 1727 1413 1767 resignare
1456 1723 1559 1758 libere
1602 1723 1710 1766 debet,
1741 1727 1772 1757 et
1813 1722 1945 1757 soluere
1986 1724 2163 1768 pecuniam

296 1784 476 1830 predictam
507 1787 536 1818 in
560 1788 720 1822 terminis„
743 1797 803 1831 per
830 1785 997 1831 predictos
1029 1785 1170 1819 arbitros
1199 1785 1371 1827 ordinatis,
1401 1796 1502 1831 super
1529 1785 1626 1819 bonis
1648 1795 1732 1819 vero
1756 1784 1840 1827 alijs,
1862 1783 1988 1817 scilicet
2015 1782 2162 1823 Luczan,

296 1850 329 1879 et
357 1845 601 1887 Boliuslawicz,
631 1858 705 1880 cum
735 1849 841 1892 aquis,
871 1851 903 1881 et
931 1849 1045 1893 pratis,
1076 1847 1180 1890 siluis,
1210 1846 1474 1892 piscacionibus,
1505 1851 1537 1880 et
1565 1845 1826 1892 quilmscumque
1855 1844 1989 1879 Juribus
2018 1848 2050 1878 et
2077 1855 2162 1890 per-

296 1908 461 1951 tinencijs,
491 1918 553 1952 que
583 1919 668 1941 nune
697 1912 729 1942 et
757 1911 789 1942 in
818 1908 974 1947 futurum,
1004 1908 1102 1941 miehi
1131 1912 1163 1941 et
1198 1907 1310 1941 liberis
1346 1911 1428 1942 meis
1465 1911 1667 1953 competunt,
1703 1907 1757 1941 vel
1788 1911 1923 1953 possent
1957 1910 2163 1951 competere,

296 1967 416 2001 nullam
447 1967 593 2013 predicto
622 1972 790 2014 preposito
819 1980 956 2003 mouere
986 1969 1092 2003 debeo
1122 1971 1152 2002 in
1183 1969 1341 2015 spirituali
1371 1969 1426 2003 vel
1456 1968 1598 2003 seculari
1628 1968 1748 2002 iudicio
1791 1970 2010 2013 questionem.
2055 1966 2162 2008 Quam

296 2028 546 2062 ordinacionem
588 2031 619 2062 in
649 2033 744 2063 annis
786 2033 963 2064 constituta
1006 2031 1187 2075 legittimis,
1235 2030 1274 2063 ad
1304 2030 1367 2064 hoc
1409 2041 1461 2063 mc
1490 2032 1595 2064 eciam
1638 2029 1738 2074 nullo,
1768 2034 1800 2063 et
1827 2028 2017 2074 specialiter
2044 2030 2162 2062 marito

296 2100 370 2123 meo
398 2088 573 2123 Wiknano
603 2095 757 2133 cogente,
788 2091 845 2125 sed
875 2092 916 2126 ad
946 2091 1009 2125 boc
1037 2094 1280 2131 consentiente,
1311 2091 1498 2125 voluntarie
1526 2095 1559 2125 et
1587 2090 1689 2125 libere
1731 2090 1772 2124 de
1801 2092 1982 2123 amicorum
2012 2100 2162 2124 meorum

296 2151 435 2184 consilio
465 2150 658 2197 approbaui.
701 2156 733 2185 et
775 2156 878 2186 ratam
922 2152 1042 2189 liabeo,
1073 2164 1135 2186 nec
1177 2155 1237 2198 ipsi
1267 2152 1474 2186 ordinacioni
1517 2157 1549 2186 et
1577 2152 1781 2189 (liftinicioni,
1818 2150 1896 2185 volo
1925 2151 1966 2184 dc
1996 2153 2077 2191 iure,
2106 2150 2161 2185 vel

295 2211 336 2245 de
364 2212 465 2256 sacto,
495 2212 535 2245 ad
564 2222 715 2258 presens,
746 2213 799 2246 vel
829 2215 1030 2259 inposterum
1060 2216 1241 2248 contraire.
1284 2213 1320 2247 In
1350 2216 1443 2248 cuius
1479 2216 1527 2247 rei
1557 2214 1789 2254 testimonium,
1820 2216 1993 2258 presentes
2036 2212 2161 2247 litteras

295 2273 411 2317 sigillis
455 2273 611 2307 nobilium
641 2276 800 2312 virorum,
831 2274 954 2308 domini
984 2274 1147 2309 Joliannis
1177 2275 1217 2309 de
1244 2274 1460 2318 Mesersieez,
1491 2276 1665 2308 camerarii
1696 2273 1941 2316 (iloinuconsis,
1972 2277 2004 2307 et
2033 2272 2162 2319 purch-

295 2337 377 2368 rauii
408 2334 626 2374 Brimnensis..
657 2334 778 2368 domini
810 2334 982 2380 Diwisebij
1026 2336 1066 2369 (le
1096 2335 1293 2372 Sternberlt.
1323 2336 1512 2382 purchrauij
1556 2334 1801 2370 Olomueensis.
1832 2334 1955 2369 domini
1986 2334 2159 2381 Stephani,

295 2395 438 2440 czmlarij
470 2396 714 2433 (llomuccnsis,
757 2394 888 2439 Miliczij
932 2396 972 2429 de
1001 2396 1177 2433 Namoscz.
1222 2397 1360 2431 Kadoldi
1397 2397 1438 2431 (le
1466 2395 1664 2439 Wirboticz,
1695 2394 1865 2429 Williclnii
1908 2395 1949 2430 (le
1977 2395 2154 2439 Namescz,

295 2456 450 2491 francisci
480 2457 520 2490 (le
550 2456 722 2500 Sukolom,
753 2456 941 2491 Sdenconis
977 2458 1017 2491 (le
1047 2458 1204 2492 t'zekina.
1242 2458 1388 2493 Naliradi
1424 2457 1464 2491 (le
1494 2456 1625 2497 Binow,
1662 2459 1691 2490 in
1723 2460 1960 2503 premissorum
2002 2459 2158 2492 testimo-

297 2520 384 2551 nium
414 2518 575 2562 ordinaui,
606 2521 717 2564 petiui.
749 2522 781 2551 ct
807 2518 896 2551 volui
926 2518 1074 2557 sigillari.
1103 2519 1222 2553 Datum
1246 2524 1278 2553 et
1306 2524 1414 2553 actum
1444 2521 1474 2552 in
1506 2518 1677 2552 (nomm—z.
1708 2530 1796 2552 anno
1819 2518 1942 2553 domini
1972 2518 2158 2561 millesimo,

296 2582 541 2615 trecentesimo,
572 2579 700 2614 decimo
729 2583 861 2617 octauo,
892 2582 922 2612 in
953 2579 1005 2613 die
1036 2579 1120 2613 beati
1149 2580 1312 2625 Mauricij.

606 2646 658 2674 (lix
683 2645 807 2679 originali
833 2645 857 2671 in
882 2645 992 2671 arcliix‘o
1017 2645 1125 2680 capituli
1151 2646 1336 2673 Oloniucensis
1362 2644 1479 2680 copim-it
1505 2646 1566 2672 Ant.
1594 2646 1724 2679 Boczek.)
