2341 3005
1057 145 1133 181 297

152 262 382 299 Sternnbercb
418 262 684 300 Notumfacimus
720 261 874 296 omnibus
916 265 1109 309 presentem
1144 264 1305 308 paginam
1344 264 1545 309 inspecturis
1579 263 1668 309 quod
1710 267 1821 299 animo
1857 263 2038 300 deliberato

150 325 240 361 bono
281 330 315 360 et
346 330 477 360 maturo
520 324 662 359 consilio
694 326 728 358 in
770 322 959 358 existcncia
993 325 1145 358 sanitatis
1189 326 1308 359 mentis
1343 328 1377 358 et
1417 327 1570 371 corporis
1604 324 1694 360 bona
1736 330 1851 360 nostra
1883 329 1917 361 in
1958 327 2036 362 villa

151 386 301 422 Crenow
328 389 390 422 sita
419 391 451 421 et
479 386 719 421 coadiacencia
749 387 875 419 ciuitati
906 384 1123 420 Olomucensi
1152 396 1228 419 cum
1257 384 1412 420 omnibus
1441 386 1568 420 iuribus
1591 387 1785 422 Vtilitatibus
1813 392 1845 422 et
1872 387 2037 423 fructibus

151 448 193 484 ad
220 459 284 484 nos
312 448 556 495 pertinentibus
578 447 716 482 inferius
745 446 945 491 subnotatis,
975 446 1132 482 videlicet
1160 449 1287 481 curiam
1309 458 1384 481 cum
1415 446 1543 483 duabus
1567 451 1720 483 araturis.
1752 454 1883 496 septem
1904 461 2037 485 marcas

150 512 248 545 annis
277 510 420 556 siugulis
448 509 606 544 videlicet
634 508 888 545 censuantibus.
918 508 1183 552 Piscacionihus,
1213 508 1334 555 Aquis,
1364 509 1517 553 Fascius„
1551 513 1667 556 pratis,
1698 510 1799 546 Siluis
1836 516 1869 546 et
1896 511 2037 547 Ruhetis

149 571 258 618 Agris
294 571 390 606 cultis
426 575 459 606 et
486 570 630 614 incultis„
666 581 801 605 necnon
836 574 869 604 et
904 558 964 604 ι1115
993 575 1188 617 patronatus
1222 570 1447 617 Ecclesieque
1482 571 1710 606 Collacionem
1740 575 1773 607 in
1807 573 1887 608 villa
1916 573 2037 608 eadem

149 644 248 680 quam
280 633 495 680 possedimus
528 632 669 679 pacifice
709 636 743 666 et
771 634 899 678 quiete,
943 635 1029 667 sicut
1056 636 1089 666 et
1116 635 1222 666 nostri
1250 632 1514 681 predecessores
1557 636 1611 679 qui
1641 633 1762 668 dictam
1805 638 1930 669 curiam
1961 646 2037 669 cum

151 697 222 731 suis
264 697 483 742 pertinenciis
526 698 705 729 tenuerunt
744 693 927 728 Sororibus
951 694 1096 735 ,ordinis
1131 694 1256 728 Sancte
1294 693 1392 735 Clare
1427 694 1593 729 Olomucii
1629 683 1931 741 protestamento
1975 708 2037 731 seu

150 757 300 792 remedio
329 759 440 792 anime
468 760 584 791 nostre
614 756 735 790 deuote
763 755 918 801 legamus
947 760 979 790 et
1008 755 1181 801 donamus·
1199 760 1361 803 perpetuo
1396 756 1538 791 tenenda
1568 761 1601 791 et
1627 755 1797 802 habenda,
1833 757 1896 792 biis
1926 762 2038 793 tamen

151 818 408 854 condicionibus
437 822 471 853 et
498 817 763 864 excepcionilms
792 820 968 863 signanter
996 829 1183 864 expressm,
1220 818 1380 864 ita-quod
1417 818 1503 852 dicte
1533 818 1679 853 Sorores
1709 819 1750 853 de
1779 819 1898 854 eodem
1928 812 2038 855 testa—

150 884 262 915 mento
291 882 390 915 annis
419 880 562 925 singulis
593 882 828 914 anniuersario
864 883 980 913 nostro
1010 882 1144 913 instanti
1173 879 1215 914 ad
1249 880 1429 914 ecclesiam
1471 880 1586 914 Sancti
1629 880 1830 915 wencezlai
1863 884 1897 915 in
1926 886 2037 916 castro

151 941 371 977 Olomucensi
405 952 478 989 pro·
508 942 636 988 vigilijs
671 946 704 976 et
744 944 924 976 missarum
960 941 1174 976 oracionibus
1214 953 1318 977 vnam
1354 953 1503 976 marcam
1546 942 1626 977 darc
1664 947 1851 977 teneantur.
1895 943 2038 990 insuper

149 1002 336 1039 Minoribus
376 1003 535 1038 fratribus
577 1003 702 1038 ordinis
738 1003 856 1037 Sancti
892 1002 1067 1037 Francisci
1111 1003 1277 1041 Olomucii
1317 1003 1447 1051 prefate
1483 1001 1629 1039 Sorores
1671 1007 1760 1038 omni
1805 1007 2037 1040 anniuersario

149 1070 267 1101 nostro
296 1068 394 1100 3111115
424 1065 566 1112 singulis
594 1076 654 1112 pro
684 1068 879 1099 oracionum
901 1064 1074 1100 beneficiis
1104 1077 1207 1100 vnam
1234 1077 1383 1100 marcam
1413 1066 1493 1107 (131·,0
1523 1071 1700 1100 teneantur
1720 1066 1847 1101 eisdem
1876 1066 2035 1101 fratribus

149 1126 334 1162 minoribus
373 1126 538 1162 Olomucii
569 1126 781 1161 manentibus
822 1137 884 1173 pro
925 1130 1092 1161 communi
1135 1129 1283 1174 ipsorum
1315 1128 1455 1162 vtilitate
1495 1132 1526 1162 ct
1569 1131 1774 1163 necessitate
1807 1132 2039 1175 prenominate

150 1188 296 1239 Sorores
324 1193 393 1224 tres
421 1200 554 1224 marcas
583 1200 658 1223 cum
687 1188 820 1223 dimidia
851 1191 947 1222 3111115
971 1189 1112 1234 siugulis
1143 1192 1215 1224 sine
1244 1192 1335 1224 omui
1357 1189 1521 1224 dilacione
1551 1190 1631 1224 dare
1660 1194 1848 1225 teneantur.
1881 1189 2037 1225 Ceterum

149 1250 308 1286 fratribus
335 1250 602 1298 predicatoribus
627 1250 791 1285 Olomucii
819 1253 852 1285 in
874 1254 1080 1285 monasterio
1111 1254 1216 1285 sancti
1238 1250 1440 1286 Michahelis
1469 1252 1686 1286 manentibus*
1706 1252 1869 1298 prelibate
1900 1264 2037 1287 sorores

150 1315 248 1348 3111115
275 1305 417 1359 singulis
452 1315 687 1347 anniuersario
720 1317 836 1347 nostro
869 1315 1007 1347 instanti
1042 1313 1183 1346 mediam
1214 1324 1362 1348 marcam
1391 1314 1471 1348 dare
1505 1318 1692 1348 teneantur.
1735 1313 1898 1349 Volumus
1928 1317 2036 1348 eciam

149 1379 182 1409 et
224 1374 434 1419 ordinamus,
476 1379 513 1409 vt
552 1379 701 1422 pretacte
744 1386 881 1409 sorores
921 1375 1047 1409 ordinis
1091 1379 1208 1409 sancte
1250 1374 1347 1410 Clare
1383 1374 1550 1409 Olomucii
1588 1380 1735 1421 cognate
1777 1380 1892 1410 nostre
1929 1380 2037 1411 sorori

150 1435 332 1471 Katherine
361 1439 395 1471 111
425 1435 576 1483 Collegio
604 1436 829 1484 predictarum
855 1436 1017 1471 Sororum
1046 1440 1193 1471 manenti
1221 1448 1281 1484 pro
1303 1437 1565 1473 necessitatibus
1595 1440 1667 1472 eius
1697 1441 1787 1472 omni
1816 1449 1905 1473 aimo
1933 1450 2037 1473 vuam

150 1509 299 1532 marcam
341 1501 414 1534 sine
450 1498 597 1544 qualibet
632 1484 873 1534 interieccione
908 1498 989 1533 dare
1025 1503 1210 1533 teneantur.
1254 1499 1323 1533 Sed
1359 1504 1434 1546 post
1475 1499 1655 1534 decessum
1692 1503 1820 1534 sororis
1854 1500 2038 1535 Katberinc

149 1564 183 1594 et
217 1564 364 1605 cognate
388 1564 520 1595 znostre
555 1560 684 1607 prefate
727 1572 863 1595 sorores
900 1561 1026 1595 ordinis
1069 1566 1185 1595 sancte
1221 1560 1319 1595 Clare
1355 1558 1519 1596 Olomucii
1552 1561 1696 1596 eandem
1739 1573 1887 1596 marcam
1930 1565 2038 1596 sorori

150 1621 334 1656 Katherine
364 1624 574 1667 assignatam
602 1633 663 1668 pro
692 1625 760 1656 suis
782 1626 988 1657 necessariis
1018 1634 1091 1656 cum
1114 1626 1237 1657 ceteris
1266 1626 1447 1669 assignatis
1468 1627 1499 1657 01
1528 1623 1648 1668 lcgatis
1672 1622 1850 1657 dummodo
1881 1627 2036 1670 superius

151 1674 325 1729 assignata
354 1683 554 1730 impleantur
582 1683 841 1718 conscruabuut.
872 1684 924 1719 Ne
953 1689 1063 1719 autem
1092 1685 1189 1719 11111115
1220 1685 1357 1719 remedii
1386 1685 1528 1719 donacio
1558 1689 1591 1719 et
1613 1684 1811 1719 donacionis
1840 1689 2036 1731 protestatio

151 1747 370 1792 imposterum
399 1756 459 1791 per
487 1756 723 1780 successorum
756 1751 946 1781 nostrorum
976 1749 1244 1793 iupugnacioncs
1282 1747 1504 1793 calumpniam
1535 1758 1594 1781 seu
1624 1750 1865 1793 corrupcioncs
1893 1750 2038 1794 patiatur

154 1809 331 1854 presencia
371 1807 481 1852 sigillo
522 1812 637 1842 nostro
674 1819 741 1842 vua
784 1820 859 1842 cum
895 1808 1012 1853 sigillis
1055 1809 1211 1843 nobilium
1249 1810 1411 1852 virorum,
1454 1808 1609 1855 Kadoldy
1644 1808 1685 1842 de
1720 1808 1850 1852 Polom,
1893 1809 1970 1843 Ade
1999 1809 2040 1843 de

151 1867 394 1912 Pulchrasilua,
425 1867 573 1903 Victoris
601 1873 633 1903 et
663 1869 833 1904 0351101115
862 1869 999 1904 fratrum
1029 1870 1070 1905 (10
1100 1870 1275 1917 Syrotbiu„
1305 1869 1485 1905 Mikolonis
1515 1870 1555 1904 (10.
1584 1869 1787 1914 Pablowicz,
1818 1870 2040 1905 Bobunkonis

151 1929 192 1964 de
222 1929 368 1964 Olsclian
412 1933 568 1964 iussimus
602 1934 809 1965 connnuniri.
852 1931 975 1966 Datum
1005 1937 1037 1966 01
1071 1937 1178 1966 actum
1223 1935 1254 1966 in
1284 1931 1525 1975 Stoi-nuberch,
1569 1932 1671 1966 Anno
1706 1932 1830 1966 domiui
1860 1931 2039 1967 Millesimo

152 1990 378 2026 C⁰C⁰C⁰XX⁰
405 2003 508 2036 noum
539 1994 571 2026 in
601 1992 655 2026 die
684 1998 876 2027 sauctorum
905 1994 1130 2040 apostolorum
1161 1993 1247 2027 Petri
1276 1997 1307 2027 et
1336 1993 1440 2028 Pauli.

465 2081 500 2115 (E
525 2081 601 2116 copia
627 2081 753 2108 vidimata
778 2082 810 2108 ab
835 2091 906 2109 33110
938 2082 1030 2110 1602.
1057 2084 1132 2117 cujus
1157 2082 1227 2117 orig.
1253 2091 1347 2117 papyr.
1373 2091 1431 2109 cum
1456 2082 1549 2117 sigillo
1574 2092 1706 2118 appresso
1730 2086 1855 2110 servatur
1879 2083 1905 2110 111
1927 2082 2037 2109 archivo

577 2134 697 2169 ejusdem
723 2135 879 2162 monasterii
904 2136 972 2171 apud
998 2136 1027 2163 C.
1055 2136 1085 2162 R*
1111 2136 1228 2162 Gubcrn.
1254 2135 1347 2162 Bruuae
1372 2135 1421 2162 sub
1446 2135 1486 2163 111.
1512 2136 1540 2163 B.
1569 2145 1593 2163 11.
1624 2135 1664 2173 1.)

154 2326 353 2362 C'ourenlus
388 2330 593 2363 monosterii
631 2328 854 2363 Clmm'eenst's
898 2330 1009 2363 remu!
1048 2329 1239 2373 Salomone}
1284 2331 1416 2364 rivorio
1460 2331 1493 2364 ite
1534 2330 1683 2364 lirani-ic
1724 2333 1757 2363 el
1792 2330 1903 2373 fratri
1942 2329 2034 2362 illins

157 2388 276 2424 L'Irico
306 2389 348 2424 de
379 2381 563 2435 Cefflrozric
592 2391 677 2425 duos
706 2391 826 2425 laneos
855 2392 887 2424 in
918 2391 1125 2436 Slelimlorf.
1175 2391 1234 2425 Dt.
1267 2393 1298 2425 ῖιι
1331 2391 1481 2426 Clezme'cz·
1511 2394 1542 2426 in
1575 2393 1708 2426 Gelai-a
1738 2391 1768 2425 Ι).
1799 2390 2038 2436 illaryawllnc

956 2454 1097 2498 thyinis
1129 2453 1240 2487 1329.

327 2520 419 2574 Ros
450 2539 621 2574 Rulandus
651 2543 875 2575 miseracione
905 2540 1015 2574 diuina
1045 2543 1246 2587 prepositus„
1275 2541 1371 2577 Jutca
1394 2541 1569 2577 Priorissa.
1601 2541 1765 2585 llcdvigis
1790 2540 2035 2586 Suppriorissa.

150 2599 325 2647 Totusque
355 2601 548 2636 Oonuentus
577 2601 771 2648 Monasterij
807 2603 1028 2637 Cbuuiccnsis
1067 2602 1202 2637 Tcuore
1231 2607 1443 2650 presencium
1476 2603 1686 2650 profitemur=
1726 2602 1822 2643 Quod
1851 2601 2037 2636 honorabili

152 2664 226 2696 viro
255 2662 389 2697 domino
425 2662 597 2697 Salomoni
633 2669 795 2711 perpetuo
830 2667 958 2699 vicario
1000 2667 1033 2698 in
1061 2664 1272 2699 Iwanschicz
1299 2665 1396 2701 nobis
1440 2668 1574 2700 sincere
1609 2664 1741 2708 dilecto,
1784 2668 1817 2698 ct
1852 2663 1944 2698 fratri
1976 2674 2037 2697 suo

1722 2724 1762 2755 3³5
