2325 2941
1180 139 1229 174 22

281 256 467 290 dictionem.
493 254 575 296 Quia
599 265 660 288 vos
684 253 841 298 religiose
862 256 991 289 vivere.
1015 257 1047 286 et
1068 255 1230 287 canonice
1252 256 1354 287 vitam
1376 252 1557 287 secundum
1579 252 1670 286 Beati
1693 252 1871 297 Augustini
1897 254 2131 286 institutionem

282 320 449 351 instituere
477 316 618 349 Domino
653 317 835 360 inspirante
877 314 1085 350 decrevistis„
1127 319 1275 348 vestrum
1315 316 1518 360 propositum
1553 313 1756 359 Apostolicae
1798 312 1895 347 Sedis
1936 312 2132 346 authoritate

281 379 457 419 lii-mainus,
488 381 519 410 et
545 387 607 410 vos
636 375 747 410 firmos
776 379 808 410 in
836 378 1065 409 remissionem
1095 379 1307 420 peecatorum
1335 379 1534 417 vestrorum,
1563 377 1596 408 in
1624 385 1663 407 ea
1692 376 1870 419 persistere
1905 373 2131 412 exhortamur,

281 440 340 473 sub
370 439 743 477 Excomnnmicationis,
774 436 1024 482 Suspensionis,
1053 438 1248 482 privationis
1277 440 1309 470 et
1335 435 1496 469 interdicti
1526 434 1706 479 Sententijs
1735 434 1911 469 districtius
1933 434 2131 477 inhibentes,

281 513 321 534 ne
350 501 445 545 aliqui
474 498 742 544 Areliiepiscopi,
772 497 928 544 Episcopi
957 508 995 531 30
1023 496 1180 532 Eiusdem
1203 496 1300 531 Sedis
1321 496 1448 542 Legati,
1478 495 1545 530 Seu
1567 495 1719 541 Nunccij,
1741 495 1796 530 vel
1825 495 1877 540 alij
1906 495 2133 530 Ecclesiastici

280 562 405 596 Praelati
435 572 492 594 seu
523 559 709 594 Saeculares
737 563 928 605 potestates,
964 558 1090 592 scilieet
1116 558 1242 604 Reges,
1270 557 1395 600 Duces,
1424 557 1592 604 Principes
1621 557 1783 600 Barones,
1814 555 1970 599 Comites,
2000 555 2132 599 Milites,

281 623 397 656 Balini.
428 620 564 657 Vasalli.
601 620 768 655 Advocati
804 624 858 654 aut
892 630 1006 654 eorum
1040 618 1180 653 Ministri
1214 618 1384 653 Ecclesias
1421 630 1460 652 ac
1493 617 1647 652 Viearias
1682 622 1824 661 vestras,
1860 628 1920 664 per
1953 619 2133 663 potentiam

280 683 374 717 vobis
404 682 548 720 auferre„
578 693 636 716 seu
665 684 926 727 procurationes,
956 692 1013 715 seu
1043 683 1251 724 exactiones,
1280 680 1397 721 tallias,
1427 683 1482 713 aut
1510 679 1617 725 aliqua
1647 678 1790 713 Servitia
1819 690 1838 712 a
1859 677 1957 713 vobis
1979 680 2131 723 exigere,

279 745 331 779 vel
360 756 414 778 res
444 748 586 778 vestras.
616 747 671 776 aut
698 746 885 776 vestrorum
913 744 1150 788 impignorare,
1180 753 1239 776 seu
1267 740 1461 779 distrahere,
1490 740 1652 786 vobisque
1682 745 1713 774 et
1740 739 1877 774 subditis
1906 741 2026 774 vestris
2054 741 2134 773 vio—

279 806 410 839 lentiam
439 805 578 850 aliquam
608 804 661 838 vel
691 805 843 848 injuriam
878 806 1041 848 irrogare,
1077 807 1132 836 aut
1159 805 1220 849 ipsi
1248 802 1515 848 Archiepiscopi,
1551 801 1606 835 vel
1640 801 1808 847 Episcopi.
1844 800 1971 845 Legati,
2000 799 2133 844 Nuncij,

279 867 332 901 vel
361 867 413 911 alij
444 866 581 900 Praelati.
611 865 780 899 Ecclesias
822 867 912 911 ipsas
954 868 986 898 et
1012 863 1178 905 Vicarias,
1220 874 1352 898 necnon
1380 863 1596 901 Monasteria,
1639 867 1672 896 et
1698 861 1786 896 Loca
1820 866 1933 896 vestra
1962 860 2134 895 interdicto

278 928 517 962 Ecclesiastico
547 926 723 971 subjicere.
754 930 808 959 aut
836 928 868 959 in
896 936 958 960 vos
987 925 1350 959 Excommunicationis
1368 924 1672 970 Suspensionisque
1694 921 2134 968 sententiampromulgare,

278 992 396 1035 quavis
431 991 610 1022 occasione
645 991 832 1033 praesumat,
870 986 1100 1030 decernentes,
1136 989 1246 1020 omnia
1280 985 1378 1021 vohis
1413 997 1506 1025 sana,
1543 988 1671 1030 integra
1707 996 1746 1018 ac
1780 983 1916 1030 pacifica
1947 983 2133 1018 observari.

278 1050 416 1096 Insuper
445 1050 484 1083 de
520 1049 654 1095 speciali
690 1048 806 1082 fauore
840 1047 937 1082 vohis
972 1047 1196 1091 concedimus,
1233 1047 1319 1093 quod
1358 1046 1518 1081 Canoniei
1552 1049 1667 1083 vestri.
1702 1042 2135 1079 huiusmodiParochiales

279 1112 449 1146 Ecclesias
479 1115 509 1145 et
539 1110 703 1144 Yiearias.
747 1109 785 1143 ad
828 1114 973 1143 vestram
1002 1108 1217 1143 Collationem
1260 1113 1460 1155 spectantes,
1503 1112 1533 1142 et
1562 1095 1644 1153 quos
1675 1106 1806 1152 quidem
1848 1104 2048 1141 Canonicos.
2079 1116 2138 1151 per

280 1185 342 1207 vos
371 1172 535 1209 Abbates,
565 1171 696 1205 Priores
728 1175 758 1204 et
786 1170 995 1216 Praepositos,
1025 1181 1084 1216 pro
1114 1175 1260 1216 tempore
1288 1170 1329 1204 ad
1357 1173 1447 1216 ipsas
1482 1161 1652 1203 Ecclesias
1687 1173 1719 1202 01
1745 1167 1898 1202 Vicarias
1933 1171 2137 1213 praesentare

277 1237 465 1279 contigerit,
494 1236 603 1279 qviete
633 1244 753 1277 regere
782 1235 920 1278 possint,
951 1231 991 1265 ab
1020 1231 1197 1276 ordinarijs
1226 1231 1400 1275 Locorum,
1429 1242 1542 1265 curam
1572 1233 1755 1264 animarum
1784 1233 1897 1275 petere
1925 1233 1958 1262 et
1985 1230 2137 1273 recipere

278 1300 461 1330 teneantur.
505 1294 601 1336 Quod
644 1297 669 1328 si
713 1293 838 1339 praefati
880 1293 1050 1337 ordinarij.
1093 1292 1179 1326 illam
1221 1295 1300 1338 ipsis
1342 1292 1520 1326 Canonicis
1561 1290 1760 1333 concedere,
1803 1289 1996 1323 racionabili
2032 1298 2136 1322 causa

278 1361 433 1391 cessante
463 1356 716 1400 denegaverint.
747 1354 843 1388 vobis
872 1354 1070 1397 Abbatibus,
1106 1353 1273 1387 Prioribus
1309 1358 1340 1387 et
1370 1353 1557 1399 P1·aepositis
1595 1351 1790 1386 authoritate
1825 1350 2020 1396 Apostolica
2050 1360 2138 1383 0011-

278 1418 438 1455 cedimus„
468 1421 501 1450 nt
529 1416 592 1451 1100
620 1427 686 1450 11011
715 1415 879 1459 obstante,
909 1415 1035 1450 eisdem
1058 1414 1236 1450 Canonicis
1260 1414 1378 1449 Curam
1401 1417 1583 1448 animarum
1606 1412 1789 1448 huiusmodi
1817 1411 1972 1446 conferre
1993 1412 2137 1457 possitis,

278 1485 310 1513 et
337 1483 364 1514 si
393 1480 468 1514 dieti
499 1478 671 1515 Canonici,
700 1477 871 1511 Ecclesias
900 1476 1137 1523 parrochiales„
1167 1481 1199 1510 et
1226 1476 1380 1510 Vicarias
1410 1475 1595 1510 huiusmodi
1625 1474 1795 1517 habentes,
1820 1484 1933 1507 0111331
1955 1474 2137 1506 animarum

279 1541 319 1575 ab
349 1541 527 1584 ordinarijs
557 1542 648 1586 ipsis,
685 1539 739 1573 vel
768 1550 785 1572 a
818 1538 916 1573 vobis
951 1537 1149 1576 Abbatibus,
1192 1537 1369 1577 Prioribus,
1412 1542 1467 1571 aut
1508 1536 1696 1582 Praepositis
1724 1546 1790 1569 non
1820 1536 2010 1580 quesierint,
2046 1536 2078 1566 et
2105 1534 2137 1565 in

280 1602 342 1636 1100
370 1602 582 1647 negligenter
623 1599 882 1646 supersederint.
926 1598 1005 1633 Ideo
1048 1602 1080 1633 in
1121 1599 1395 1645 Jurepatronatus
1431 1601 1576 1644 ipsarum
1618 1597 1844 1631 Ecclesiaruin
1872 1599 1904 1629 et
1930 1594 2137 1628 Vicariarum

281 1666 473 1709 pertinente.
504 1662 656 1696 nolumus
685 1672 747 1695 vos
776 1671 852 1695 esse
880 1660 1064 1705 neglectos,
1094 1660 1181 1694 unde
1209 1663 1305 1694 unius
1335 1660 1514 1701 neglectioq
1545 1661 1641 1693 totius
1679 1657 1811 1692 Ordinis
1846 1658 2079 1702 proprietatem
2108 1658 2140 1688 et

281 1727 513 1758 inmmnitatem
543 1727 692 1757 amittere
720 1734 786 1756 non
815 1726 933 1768 potest.
959 1721 1028 1769 ¹Ipsi
1056 1732 1139 1756 vero
1168 1724 1269 1755 vestri
1300 1721 1470 1756 Canonici.
1501 1732 1519 1754 a
1549 1718 1771 1754 Saecularibus
1806 1715 2035 1763 potestatibus,
2064 1717 2136 1750 sci-

282 1785 365 1819 llicet
393 1785 609 1831 Principibus.
638 1783 807 1819 Militibus.
836 1783 1036 1828 Armigeris,
1064 1793 1195 1817 necnon
1224 1785 1321 1816 etiam
1351 1781 1579 1828 Spiritualibus
1609 1781 1775 1822 Personis,
1810 1789 1869 1813 seu
1897 1778 1970 1822 alijs
1999 1775 2139 1823 quibus-

281 1858 418 1891 cumque
448 1846 616 1880 Ecclesias
647 1845 870 1888 Parocliiales,
900 1849 932 1878 et
960 1849 1137 1890 perpetuas
1165 1843 1391 1878 Ecclesiarum
1420 1842 1659 1877 Pal-ocliialium
1688 1840 1865 1877 Vicarias,·
1890 1839 1976 1873 licite
2011 1839 2139 1884 possint

282 1911 469 1953 impetrare.
500 1910 687 1953 impetratas
716 1917 836 1952 regere
877 1910 910 1940 et
944 1905 1104 1944 officiare,
1148 1909 1180 1939 01
1220 1907 1467 1952 impetrationes
1508 1903 1735 1937 Ecclesiarum
1776 1905 1809 1935 et
1848 1899 2068 1942 Vicariarum,
2098 1897 2137 1931 ad

282 1968 422 2003 eandem
450 1973 596 2002 vestram
624 1969 833 2003 collationem
862 1969 1092 2013 spectantium„
1123 1978 1140 2000 a
1174 1966 1270 2001 vobis
1302 1971 1334 2000 et
1366 1977 1384 2000 a
1419 1967 1540 1999 vestris
1576 1962 1835 1998 Successoribus
1868 1972 1927 2007 per
1961 1959 2139 1995 saeculares

285 2030 448 2063 Personas
477 2029 545 2062 lieri
574 2030 770 2063 inhibemus.
800 2029 970 2063 Ecclesias
999 2032 1107 2062 autem
1137 2027 1378 2067 Parrocliiales,
1408 2032 1441 2061 et
1474 2026 1628 2059 Vicat-ias
1663 2029 1793 2059 vestras
1829 2020 2013 2066 hujusmodi
2050 2031 2139 2054 con—

285 2102 358 2125 erre
388 2093 524 2137 potestis
560 2091 771 2125 szrcularibus
800 2090 966 2129 Pel-sonis,
997 2093 1069 2135 post
1097 2100 1233 2135 quarum
1275 2088 1410 2131 obitum,
1440 2099 1499 2122 seu
1527 2089 1800 2131 resignationem,
1836 2084 1922 2117 licite
1957 2081 2137 2116 conferatis

283 2155 404 2186 vestris
433 2154 602 2185 canonicis
632 2151 827 2196 hujusmodi.
858 2151 989 2197 quando
1019 2155 1051 2184 et
1078 2153 1205 2196 quoties
1232 2149 1386 2185 videbitis
1415 2148 1585 2194 expedire.
1616 2147 1700 2181 Nulli
1729 2148 1834 2179 eciam
1870 2143 2138 2189 Archiepiscopi,

283 2213 451 2259 Episcopi,
483 2213 621 2249 l'raelati„
651 2224 709 2246 seu
739 2213 790 2257 alij
820 2213 955 2247 ,ludices
986 2212 1151 2256 Ordinarij
1182 2214 1389 2257 quicumque,
1419 2209 1555 2245 eosdem
1592 2208 1792 2246 Canonicos,
1823 2210 1853 2239 et
1883 2208 2015 2239 vestros
2049 2214 2137 2237 cou-

284 2274 415 2311 l'ratres.
447 2274 608 2309 Abbates.
640 2273 769 2307 Priores
798 2278 829 2307 et
860 2273 1067 2319 l'ra‘positos,
1097 2273 1136 2306 311
1166 2284 1260 2308 511331
1289 2271 1434 2306 debeant
1467 2274 1570 2305 citare
1604 2270 1816 2315 presentiam,
1853 2277 1914 2300 1100
1943 2269 1974 2299 111
2003 2265 2141 2300 3110111115

282 2336 406 2379 judicio
436 2335 577 2369 debeant
599 2345 783 2380 conparere
807 2334 913 2367 taliter
935 2337 1034 2377 citati,
1052 2334 1109 2368 sed
1131 2345 1248 2368 omncs
1277 2344 1391 2367 eorum
1421 2343 1519 2367 casus
1548 2334 1770 2373 emergentes,
1800 2339 1860 2373 per
1888 2339 1949 2361 vos
1978 2326 2140 2367 Abbates,

286 2397 416 2431 l'riores
445 2401 476 2431 et
504 2396 702 2442 Pra=positos
745 2394 929 2438 hujusmodi
968 2395 1167 2439 judicentur.
1211 2394 1372 2429 Volumus
1415 2396 1561 2438 insuper,
1591 2395 1623 2425 et
1651 2389 1846 2427 inhibemus,
1890 2400 1931 2422 110
1963 2387 2141 2423 5310313105

286 2458 473 2503 Presbyteri
509 2462 564 2491 aut
598 2456 728 2494 Clerici,
767 2458 796 2489 in
833 2460 963 2489 vestras
1000 2467 1058 2501 per
1090 2459 1270 2501 potentiam
1312 2454 1516 2489 intrudantur
1550 2451 1719 2485 Ecclesias
1754 2450 1806 2484 vel
1842 2452 1999 2493 vicarias,
2035 2453 2067 2482 01
2100 2459 2142 2482 110

287 2519 539 2565 Art-liiepiseopi
583 2530 640 2552 seu
686 2517 839 2563 Episcopi
878 2516 1100 2550 Ecclesiarum
1144 2516 1382 2551 l'arocliialiuin
1424 2519 1456 2548 01
1490 2515 1688 2547 vicatim-um
1724 2515 1909 2546 vestrarum
1947 2510 2142 2544 diuisionem

286 2581 427 2625 aliquam
458 2580 591 2617 faciant,
622 2581 682 2613 nisi
713 2578 752 2612 110
796 2582 908 2611 vestro
938 2589 1090 2613 assensn,
1133 2582 1165 2611 et
1193 2589 1237 2611 ex
1265 2588 1365 2610 eausa
1407 2574 1580 2609 evidenter
1615 2573 1695 2615 vtili,
1731 2572 1869 2606 Necnon
1899 2574 2004 2605 eciam
2048 2569 2142 2603 vobis

286 2646 314 2674 et
345 2641 596 2675 suecessortlms
626 2643 757 2674 vestris.
788 2639 882 2673 salvo
910 2638 989 2672 .lure
1019 2638 1213 2672 l’atronatus
1258 2636 1435 2671 earundem
1471 2634 1676 2677 mandamus,
1713 2636 1811 2667 ctiam
1847 2632 1906 2667 sub
1941 2633 2143 2666 intimatione
