2325 2941
1186 153 1260 188 350

292 275 329 305 et·
352 274 474 305 ceteris
503 272 617 303 amicis
646 268 945 313 Trigintaquinque
973 278 1105 302 marcas
1133 278 1329 312 grossorum
1358 266 1576 311 pragensium
1605 270 1638 302 in
1667 267 1795 302 duobus
1819 272 1966 304 terminis
1994 269 2152 304 videlicet

293 336 323 366 in
353 332 437 366 festo
468 330 602 374 Georgij
639 328 746 363 XVII.
776 340 907 362 marcas
942 333 973 362 et
1001 331 1033 362 in
1062 327 1149 362 festo
1177 327 1350 361 Michaelis
1378 327 1504 362 XVIII.
1539 340 1669 362 marcas
1698 329 1860 363 dederunt
1886 330 2092 374 integraliter
2119 333 2152 364 et

293 396 324 426 in
353 397 430 426 toto.
467 395 497 425 et
532 393 676 436 quinque
714 400 848 423 marcas
883 388 923 422 ab
953 389 1169 423 ordinacione
1211 388 1409 422 arbitrorum
1445 388 1529 423 dicte
1558 400 1660 424 cause
1697 392 1747 423 sui
1781 388 1974 434 Monasterij
2010 390 2148 435 edificijs

292 452 517 499 impenderunt
547 450 719 484 animabus
749 450 977 484 defunctorum
1006 449 1244 483 fraternitatem
1275 448 1316 483 de
1344 460 1406 483 sex
1432 449 1646 494 Monasterijs
1675 452 1726 484 sui
1754 450 1879 484 ordinis
1901 449 2039 484 fideliter
2065 462 2150 497 pro-

291 518 454 548 curantes.
486 512 522 546 In
551 515 644 546 cuius
672 515 720 545 rei
750 514 971 545 testimonium
1000 515 1173 557 presentes
1208 510 1320 544 literas
1348 514 1537 544 nostrorum
1567 510 1759 555 Sigillorum
1788 513 1968 545 munimine
1996 511 2149 546 duximus

290 573 505 608 roborandas.
529 573 648 607 Datum
672 576 704 606 in
728 572 913 617 &Velegrad
936 572 1037 606 Anno
1061 571 1182 605 domiui
1204 570 1525 605 M0CCC0XXX1110
1545 574 1577 605 in
1599 571 1684 606 festo
1706 575 1812 606 sancti
1834 571 1971 617 Georgij
1994 575 2146 607 martiris.

600 644 634 671 «E
659 643 753 669 codice
777 643 824 669 Ms.
851 651 912 669 saec.
940 642 995 669 XV.
1021 642 1066 668 sol.
1094 642 1142 669 69.
1169 650 1194 668 v.
1219 641 1244 668 in
1261 641 1370 668 archivo
1395 642 1515 676 ejusdem
1530 642 1686 668 monasterii
1711 642 1779 677 apud
1804 642 1833 669 C.
1848 642 1876 668 R.
1891 642 2007 669 Gubern.
2033 643 2148 676 Brunae.)

1144 710 1286 744 CDLVI.

459 763 664 817 Johannes.
695 793 778 828 papa
807 781 915 815 XXII.
947 784 1121 815 intimat..
1151 784 1224 825 regi
1253 780 1434 815 Bohemiae.
1465 792 1501 815 se
1524 781 1805 827 dispensationem
1835 780 1876 815 ad
1904 783 2147 815 matrimonium

288 856 361 878 eum
390 849 488 890 nepte
516 843 655 878 Alberti.
687 843 778 876 ducis
806 842 963 881 Austriae,
993 842 1171 876 ineundum
1200 842 1280 875 dare
1308 853 1374 875 non
1402 853 1514 888 posse.
1543 841 1598 876 Dt.
1628 841 1786 876 Kalendis
1813 841 1892 875 Maii
1923 841 2033 876 1333.

597 914 648 945 (Ex
674 914 841 948 autographo
866 913 985 947 Regesto
1009 913 1133 945 Joannis.
1165 921 1239 947 papae
1264 912 1344 939 xxn.
1370 899 1430 938 anni
1455 912 1535 939 xvn.
1561 920 1623 947 pag.
1654 911 1721 939 126.
1747 912 1827 947 epist.
1854 911 1924 939 640.
1950 912 1976 939 in
2000 912 2147 939 Tabulariis

701 966 835 992 Vaticanis
861 965 1066 992 communicavit
1092 966 1134 992 Dr.
1161 965 1188 992 B.
1215 965 1325 995 Dudile)

1133 1033 1293 1068 CDLVII.

287 1098 463 1131 ,lohannes
497 1098 537 1131 (Ie
572 1098 726 1131 Mezere'e
760 1098 915 1141 rese'fflnd
945 1096 1152 1141 Znoymensi
1177 1096 1386 1129 monasterio
1420 1094 1457 1129 S.
1491 1095 1605 1129 Clarae
1623 1094 1756 1129 XXX.
1786 1106 1922 1129 mareas
1947 1106 2145 1140 yrossormn

508 1159 745 1203 Ριτιφήείιιιη.
775 1157 902 1191 Datum
933 1159 965 1191 ἱη
995 1157 1148 1190 illezeiv‘e
1173 1158 1266 1201 feria
1295 1156 1342 1190 II.
1368 1160 1449 1201 post
1479 1157 1628 1201 Respice
1657 1158 1688 1189 1⁹12
1718 1168 1779 1190 me.
1812 1155 1923 1190 1333.

456 1218 547 1271 Ixos
575 1237 747 1271 Johannes
777 1236 817 1270 de
844 1236 1023 1271 Mesericz,
1059 1238 1225 1269 vniuersis
1255 1235 1455 1269 intuentihus
1491 1240 1679 1281 presentem
1708 1238 1865 1281 paginam
1903 1234 2034 1281 publice
2062 1245 2147 1281 pro-

285 1298 424 1331 fitemur.
455 1297 551 1339 Quod
585 1309 646 1332 nos
675 1298 792 1331 dilecte
829 1296 892 1331 filie
921 1301 1034 1330 nostre
1069 1299 1202 1330 nomine
1232 1296 1321 1330 (il'ka
1356 1299 1504 1330 existens
1537 1296 1688 1330 monialis
1722 1299 1754 1330 in
1789 1299 1992 1330 monasterio
2021 1295 2146 1330 ordinis

284 1363 398 1392 sancte
428 1358 524 1392 Clare
554 1361 585 1392 in
614 1359 764 1405 Znoyma
794 1369 853 1404 pro
882 1357 1030 1392 remedio
1061 1360 1170 1391 anime
1200 1362 1312 1391 nostre
1341 1369 1380 1391 ac
1409 1360 1553 1391 omnium
1580 1362 1753 1403 parentum
1783 1361 1983 1401 nostrorum,
2013 1359 2146 1402 triginta

285 1431 414 1453 mareas
450 1431 643 1463 grossorum
677 1419 889 1453 denariorum
924 1423 1173 1463 argenteorum.
1203 1422 1381 1463 sexaginta
1410 1423 1550 1464 quatuor
1586 1430 1724 1463 grossos
1757 1429 1817 1464 pro
1851 1429 1964 1451 earum
2003 1417 2147 1463 qualibet

285 1480 506 1526 conputando.
543 1492 722 1524 erogamus
752 1492 791 1514 ac
826 1480 986 1513 donamus
1022 1483 1131 1513 animo
1161 1492 1203 1513 ex
1235 1479 1363 1514 libenti.
1399 1479 1462 1513 Pro
1499 1491 1561 1524 qua
1598 1482 1738 1525 pecunia
1772 1478 1898 1525 prefata
1934 1478 1998 1513 filia
2032 1483 2145 1513 nostra

285 1544 417 1575 nomine
447 1541 534 1575 ofka
565 1541 766 1575 hereditates
801 1541 896 1574 debet
927 1552 1038 1574 emere
1074 1553 1112 1574 uc
1147 1552 1344 1587 conluirare.
1383 1542 1473 1581 Quas
1502 1540 1702 1574 hereditates
1736 1539 1900 1574 antedicta
1932 1539 1998 1573 filia
2030 1543 2145 1574 nostra

287 1602 372 1635 Usha
403 1614 506 1648 usque
535 1602 575 1635 ad
605 1605 897 1636 consumaeimiem
929 1605 1085 1647 temporis
1114 1605 1181 1635 vite
1211 1613 1270 1635 sue
1299 1604 1369 1635 inre
1391 1601 1590 1635 hereditario
1619 1600 1809 1635 vtil'rnendo
1838 1600 1935 1635 debet
1956 1603 2028 1635 sine
2056 1603 2145 1635 omni

285 1663 518 1709 nnpedimento
548 1674 586 1697 ac
616 1663 801 1709 possidere.
832 1662 888 1697 sed
919 1667 992 1708 post
1020 1665 1312 1696 consumacionem
1343 1665 1499 1708 temporis
1528 1665 1593 1696 uite
1622 1673 1681 1697 sue
1710 1666 1788 1695 tunc
1816 1661 1880 1695 filia
1910 1661 2073 1696 Tassonis
2102 1661 2142 1695 de

283 1725 425 1757 Scuraw
455 1725 507 1770 lilij
540 1727 641 1758 nostri
670 1727 804 1757 nomine
832 1723 930 1757 Jutka
960 1723 1108 1758 eiusdem
1138 1723 1357 1769 professionis
1386 1724 1536 1757 similiter
1565 1727 1634 1757 iure
1663 1726 1747 1757 sicut
1767 1722 1938 1769 sepedicta
1967 1721 2031 1756 filia
2055 1721 2141 1756 Ofka

284 1788 382 1818 tenuit
413 1788 459 1819 sic
481 1785 627 1831 predicta
658 1785 721 1818 lilia
744 1785 905 1819 'rassonis
933 1784 973 1818 de
1003 1786 1145 1818 Scuraw
1176 1785 1229 1829 lilij
1260 1785 1430 1830 possideat
1452 1788 1521 1818 iure
1551 1784 1751 1818 hereditario
1773 1783 1877 1818 libere
1906 1795 1945 1818 ac
1974 1786 2143 1829 inpungne

284 1857 387 1890 nsque
417 1846 456 1879 ad
492 1851 619 1892 tempus
654 1849 720 1880 uite
754 1858 824 1880 sue.
868 1846 975 1879 Finito
1009 1850 1156 1892 tempore
1190 1849 1255 1879 nite
1290 1857 1349 1879 sue
1383 1845 1515 1879 domina
1550 1845 1730 1879 Abbatissa
1759 1844 1950 1890 Margareta
1993 1842 2139 1878 eiusdem

284 1909 474 1951 monasterij
505 1907 628 1940 ordinis
657 1911 772 1941 sancte
802 1907 898 1941 Clare
927 1907 1076 1940 similiter
1104 1919 1142 1940 ae
1171 1907 1288 1941 eodem
1312 1909 1381 1941 iure
1411 1918 1514 1953 usque
1543 1906 1584 1940 ad
1610 1906 1859 1940 reuolucionem
1888 1907 2044 1950 temporis
2072 1907 2141 1938 vite

283 1979 343 2001 sue
372 1967 475 2001 libere
505 1968 695 2013 possidebit.
725 1968 783 2002 sed
812 1973 885 2014 post
922 1968 1170 2001 reuolui-ionem
1200 1971 1356 2014 temporis
1386 1971 1451 2001 uite
1484 1979 1544 2001 sue
1577 1967 1724 2013 predicta
1759 1966 1924 2001 hereditas
1958 1964 1998 1999 ad
2027 1967 2140 2011 prius-

283 2028 383 2062 fatum
411 2027 649 2062 Monasterimn
679 2029 780 2063 libere
803 2029 988 2075 pertinebit.
1020 2029 1054 2063 In
1084 2032 1178 2063 cuius
1201 2032 1247 2063 rei
1278 2032 1498 2063 testimonium
1520 2033 1709 2074 presentem
1739 2028 1865 2062 literam
1887 2030 2000 2060 nostro
2029 2025 2139 2071 sigillo

283 2090 435 2123 duximus
464 2088 625 2122 roborari.
665 2089 783 2123 Datum
813 2093 843 2124 in
873 2090 1048 2125 Mesericz.
1083 2091 1183 2124 Anno
1212 2090 1334 2123 domini
1369 2090 1544 2124 Millesimo
1578 2091 1812 2123 trecentesimo
1842 2089 2008 2121 tricesimo
2037 2089 2141 2121 tercio

284 2155 312 2184 in
343 2149 488 2184 secunda
519 2150 599 2183 seria
631 2155 703 2195 post
730 2151 940 2185 dominicam.
971 2162 1034 2196 qua
1064 2154 1192 2185 canitur
1220 2151 1364 2197 Respice
1394 2154 1423 2184 in
1455 2162 1517 2184 me.

591 2220 679 2251 (orie.
703 2222 846 2249 membran.
872 2230 932 2249 cuin
965 2222 1057 2253 sigillo
1082 2231 1165 2257 parvo
1190 2222 1214 2248 in
1241 2222 1350 2248 archivo
1372 2221 1492 2256 ejusdem
1518 2219 1671 2247 monasterii
1697 2219 1765 2253 upud
1791 2219 1820 2246 C.
1846 2218 1873 2244 n.
1899 2218 2014 2245 Gubern.
2048 2218 2139 2246 Brunoe

695 2274 743 2299 sul)
768 2274 806 2300 lit.
833 2275 861 2301 C.
888 2284 912 2301 n.
941 2274 981 2307 3.)

1129 2325 1304 2360 (’1)1ᾹἸΙΙ.

285 2387 510 2430 ,llnffl'slrnlns
549 2387 762 2420 (plumbum-tls·
802 2388 980 2421 iulerredt'l
1010 2388 1102 2432 apud
1136 2388 1319 2432 capitulum
1349 2386 1504 2420 eccles-5111
1533 2384 1679 2417 rmleeim
1718 2384 1853 2417 tuillium
1890 2385 2065 2429 rirqiunm.
2102 2386 2139 2417 nl

283 2450 408 2491 ¹‘¹‘.'l''‘¹¹1'
445 2448 656 2481 lilisnbeHne
685 2460 779 2480 ultum
816 2460 938 2491 eorpus
967 2449 1007 2481 (le
1037 2449 1087 2481 leis·
1116 2451 1246 2482 sanell's
1281 2449 1410 2481 [radul.
1453 2446 1575 2479 J)a.¹1!m
1615 2445 1766 2478 l'aeslam'w
1795 2446 1848 2478 «lie
1884 2445 2077 2478 natirilale’s
2105 2443 2135 2477 Ι)-

985 2509 1154 2543 ,lobannis
1184 2510 1287 2553 Rape.
1322 2507 1431 2542 1333.

457 2559 498 2611 'n
530 2581 661 2612 nomine
691 2583 804 2612 saneto
834 2583 864 2611 et
895 2577 1063 2611 lndinidne
1093 2578 1261 2612 Trinitatis·
1290 2578 1411 2612 Amen.
1443 2574 1511 2609 Nos
1537 2603 1568 2608 ..
1599 2575 1733 2609 Jndiees
1756 2603 1788 2609 ..
1820 2575 1954 2609 Seahini
1980 2603 2012 2609 ..
2043 2573 2138 2609 Con-

283 2638 371 2670 sules
400 2643 552 2683 totusque
589 2640 714 2672 (Ji-itum
747 2638 961 2683 Magistratus
996 2638 1144 2672 Ciuitatis
1179 2639 1398 2673 cotoniensis-
1433 2636 1503 2670 ad.
1530 2664 1535 2670 .
1568 2640 1799 2670 vainei-sorum
1835 2641 1898 2670 tam
1928 2638 2138 2682 presencium
