2325 2941
1196 143 1269 178 110

298 269 407 301 eciam
435 269 468 299 et
495 275 556 310 per
583 265 757 309 presentes
785 262 1003 306 promittimus
1032 258 1118 292 bona
1148 257 1212 292 side
1248 257 1369 291 dictum
1402 257 1587 302 legacionis
1620 257 1673 292 uel
1710 260 1817 292 eciam
1853 257 2048 293 donacionis
2077 270 2168 294 con-

299 332 438 362 tractum
466 329 572 359 ratum
602 334 641 356 ac
669 321 797 355 firmum
826 320 1025 363 habiturum,
1055 323 1088 352 et
1115 329 1284 363 uunquam
1313 320 1481 352 contraire
1510 318 1619 364 aliquo
1648 321 1785 363 ingenio
1828 319 1935 353 studio
1963 324 1996 354 et
2024 320 2167 365 cautela,

298 389 569 423 Renuncciantes
598 386 630 417 in
659 382 809 430 predicto
837 382 1024 426 legacionis
1054 391 1113 415 seu
1143 379 1340 413 donacionis
1369 383 1541 414 contractu
1570 378 1833 426 excepcionibus
1861 384 1894 414 et
1915 379 2168 416 defensionibus

297 450 386 484 Juris
416 447 576 481 Canonici
605 449 638 479 et
666 444 792 487 Ciuilis,
822 445 894 478 siue
930 441 1053 484 Czude‚
1096 451 1157 487 per
1197 450 1261 485 que
1290 439 1479 486 sepedictus
1520 440 1706 486 legacionis
1735 444 1927 475 contractus
1957 446 2072 487 posset
2100 442 2167 476 ali-

299 510 437 556 qualiter
464 506 615 550 anullari‚
644 505 895 540 Renunciamus
924 505 1031 537 eciam
1059 501 1171 547 legem
1193 500 1342 535 dicentes
1370 504 1665 536 renunciacionem
1694 513 1753 536 seu
1782 504 2025 548 excepcionem
2052 514 2167 548 gene—

300 571 402 605 ralem
431 571 563 615 penitus
592 578 660 601 non
688 566 815 601 valere.
847 564 967 599 Testes
996 565 1096 608 igitur
1137 562 1234 597 huius
1262 564 1412 596 vniuersi
1453 562 1639 607 legacionis
1680 567 1794 597 nostre
1836 567 1869 596 et
1895 565 2060 608 promissi,
2090 568 2167 599 sunt

298 632 340 665 hii
373 629 503 664 nobiles
544 631 609 664 viri
651 627 787 671 domini,
829 625 992 660 Miliczius
1034 624 1075 658 de
1116 622 1309 667 NauliecllS,
1351 623 1559 658 Brunnensis
1601 628 1633 658 et
1673 623 1898 670 Znoymensis
1941 622 2164 669 Camerarius,

296 691 449 737 Witliigo
492 690 532 725 de
560 689 682 729 Lucza„
712 688 878 722 Henricus
920 685 1026 720 dictus
1069 685 1110 719 de
1138 684 1254 731 Lyppa
1296 695 1371 718 cum
1415 684 1597 719 Czenkone
1638 684 1740 721 fratre
1782 696 1842 720 suo
1878 684 1919 719 de
1949 684 2165 730 Chrumnow,

297 753 401 787 Smilo
431 752 472 786 de
501 751 640 794 Slatina,
668 749 828 784 Nicolaus
858 747 898 782 de
928 746 1072 790 Grelicz,
1103 745 1237 780 Czirnik
1266 745 1307 780 de
1336 745 1471 792 popm,
1502 744 1649 786 Quorum
1679 746 1786 791 sigilla
1815 749 1847 779 in
1877 748 2009 791 signum
2030 749 2166 782 maioris

296 814 472 849 euidencie
501 817 533 847 et
561 812 738 855 testimonij
770 809 810 843 ad
839 811 1038 843 instanciam
1066 810 1171 842 nostri
1199 818 1275 841 cum
1303 811 1418 841 nostro
1447 806 1556 851 sigillo
1584 810 1732 852 presenti
1754 809 1878 853 pagine
1900 811 1976 841 sunt
2004 818 2164 853 appensa.

297 875 393 917 Quod
421 879 454 909 et
481 884 543 908 nos
584 872 723 919 predicti
764 874 867 905 testes
896 869 938 904 ad
966 872 1128 904 instantes
1170 879 1290 915 preces
1332 867 1411 902 dicti
1451 867 1582 902 Nicolai
1611 867 1652 902 de
1679 867 1870 911 Zbraslabs‚
1913 872 1947 902 et
1980 879 2024 902 ex
2052 872 2166 903 nostra

296 941 388 971 certa
418 937 564 970 sciencia
594 933 634 967 ad
662 935 825 966 maiorem
854 930 1085 965 certitudinem
1114 934 1147 964 et
1174 929 1372 973 efficaciam,
1403 928 1519 974 sigilla
1547 932 1661 963 nostra
1689 931 1835 975 presenti
1871 929 1977 963 littere
2013 929 2168 965 duximus

297 996 528 1044 appendenda.
558 995 679 1029 Datum
715 998 747 1027 et
775 997 885 1027 actum
927 992 1064 1026 Brunne
1106 1002 1194 1025 anno
1236 990 1489 1025 Incarnacionis
1532 990 1655 1024 domini
1697 989 1871 1025 Millesimo
1914 990 2169 1025 Trecentesimo

296 1057 436 1093 xvlllO.
467 1057 503 1092 In
532 1055 647 1102 vigilia
676 1055 781 1089 Beate
809 1053 916 1088 Marie
944 1052 1159 1098 Magdalene.

609 1135 697 1169 (Orig.
723 1133 868 1160 membran.
895 1141 953 1159 cuni
977 1133 1033 1159 Vll.
1059 1131 1158 1167 sigillis
1183 1131 1273 1166 parvis
1298 1140 1332 1158 ex
1354 1134 1431 1166 parte
1451 1131 1537 1166 ruptis
1558 1131 1583 1157 in
1603 1130 1713 1157 archivo
1731 1130 1887 1158 monasterii
1908 1131 1995 1167 „Aula
2012 1131 2040 1158 S.
2058 1130 2167 1158 1111111111(ζ

712 1186 782 1222 apud
806 1186 834 1214 C.
860 1186 889 1212 R.
915 1185 1030 1212 Gubern.
1056 1185 1148 1211 Brunae
1173 1185 1222 1211 sub
1247 1184 1285 1210 lit.
1311 1185 1342 1210 M.
1367 1193 1392 1210 n.
1418 1182 1460 1219 2.)

1136 1297 1325 1332 CXXXIX.

291 1379 482 1417 Jolffmnes„
510 1388 604 1422 papa
632 1375 754 1410 XXII.
785 1376 965 1419 confirmat
994 1374 1206 1408 monasterio
1235 1373 1366 1407 ordinis
1395 1372 1433 1406 S.
1467 1372 1581 1407 Clarae
1598 1372 1758 1417 Znogsmce
1784 1373 2040 1417 perceptionem
2066 1372 2167 1406 deci-

436 1450 565 1473 marum
594 1438 634 1471 (Ie
664 1435 815 1470 omnibus
844 1435 940 1470 bonis
970 1435 1072 1469 illius.
1104 1434 1235 1468 Datum
1265 1434 1447 1468 Acinz'oue.
1486 1433 1580 1469 VIII.
1612 1433 1692 1467 Idas
1721 1433 1875 1478 Astyastc·
1903 1432 2014 1467 1318.

466 1524 661 1579 Johannes
690 1545 867 1588 episcopus
896 1551 1014 1575 seruus
1043 1550 1218 1575 seruorum
1248 1539 1313 1583 dei7
1336 1539 1476 1574 Dilectis
1505 1541 1537 1572 in
1562 1538 1692 1573 Christo
1721 1538 1874 1573 filialibus
1905 1566 1912 1572 .
1944 1566 1951 1572 .
1981 1537 2165 1574 Abbatisse

292 1611 322 1641 ct
352 1605 537 1640 Conuentui
565 1603 759 1647 Monasterij
791 1605 823 1636 in
852 1601 1005 1648 Znoyma
1035 1601 1161 1635 ordinis
1203 1605 1319 1635 sancte
1349 1601 1457 1644 Clare,
1502 1600 1736 1634 Oloniucensis
1779 1599 1923 1634 diocesis
1953 1599 2103 1634 Salutem
2131 1604 2165 1634 et

293 1667 508 1713 apostolicam
550 1664 831 1700 benedictionem.
875 1663 1047 1707 Presignis
1088 1666 1200 1697 uestra
1243 1662 1373 1707 religioq
1417 1664 1541 1707 quein
1584 1661 1788 1695 Monasterio
1817 1665 1931 1695 uestro
1960 1672 1978 1694 a
2008 1661 2102 1696 uobis
2131 1666 2165 1696 et

293 1728 365 1772 alijs
394 1729 546 1774 personis
575 1729 607 1760 in
636 1737 677 1760 eo
707 1724 906 1771 degentibus
942 1723 1002 1759 sub
1038 1735 1142 1757 onere
1178 1723 1366 1757 voluntarie
1402 1725 1606 1770 paupertatis
1642 1725 1763 1767 iugiter
1790 1722 1908 1756 colitur
1942 1724 1991 1757 sic
2019 1734 2037 1756 a
2066 1722 2162 1758 uobis

293 1788 477 1823 mundanas
518 1788 682 1833 relegauit
725 1786 912 1825 illecebras„
942 1790 976 1819 ut
1003 1784 1190 1819 claustralis
1233 1784 1439 1819 abstinencie
1482 1784 1625 1819 nexibus
1666 1784 1806 1829 religate
1836 1786 1976 1830 puritate
2004 1782 2161 1828 fulgeatis

293 1849 512 1884 obscruancie
541 1849 705 1893 regularis
735 1853 767 1882 ct
795 1848 974 1881 uoluntatis
1002 1846 1126 1880 libitum
1156 1851 1348 1881 coartantes
1384 1848 1520 1880 omnino
1556 1845 1616 1881 sub
1646 1845 1843 1879 obediencie
1879 1845 1990 1879 debito
2025 1845 2161 1889 dignam

292 1916 324 1945 ct
353 1910 500 1945 sedulam
531 1909 716 1944 exhibeatis
746 1909 880 1943 domino
910 1911 1115 1943 seruitutem.
1147 1908 1238 1942 Sane
1267 1907 1413 1941 exhibita
1448 1906 1543 1941 nobis
1579 1918 1622 1940 cx
1659 1910 1751 1953 parte
1780 1911 1892 1940 uestra
1920 1908 2042 1951 peticio
2071 1917 2161 1940 con-

292 1971 427 2014 1111011111,
457 1970 544 2016 quod
574 1971 648 2004 licet
689 1971 795 2005 felicis
838 1970 1087 2004 recordacionis
1129 1969 1323 2003 Bonil'acius
1364 1980 1449 2015 papa
1478 1968 1557 2002 VIlI
1586 1968 1808 2014 predecessor
1849 1971 1965 2002 noster
1993 1970 2160 2002 vniucrsis

291 2032 481 2067 Abbatissis
511 2036 541 2065 et
571 2031 797 2066 Conuentibus
838 2034 939 2065 uestri
970 2031 1095 2065 ordinis
1138 2042 1198 2076 per
1225 2041 1304 2065 suas
1333 2030 1457 2064 litteras
1500 2029 1633 2063 duxerit
1667 2028 1914 2073 indulgendum,
1944 2032 1978 2062 ut
2006 2028 2045 2062 ad
2075 2040 2158 2075 pre—

290 2097 467 2129 stationem
498 2092 698 2126 decimarum
728 2093 768 2126 de
797 2092 1060 2138 quibuscumque
1082 2091 1351 2138 possessioniluis
1374 2096 1406 2125 et
1428 2091 1501 2135 alijs
1524 2090 1619 2124 bonis
1639 2101 1766 2129 earum„
1789 2100 1853 2134 que
1877 2093 1953 2123 tunc
1976 2089 2156 2135 habebant,

289 2160 321 2189 ct
351 2158 443 2189 iustis
472 2153 576 2187 modis
606 2158 741 2199 possent
770 2156 945 2199 acquirere
974 2157 1005 2187 111
1035 2153 1179 2187 saturum
1209 2155 1343 2186 minime
1366 2156 1569 2189 tenerentun
1593 2162 1701 2197 neque
1724 2150 1764 2184 ad
1787 2150 1816 2184 id
1839 2150 1982 2197 conpelli
2008 2156 2155 2197 possent,

288 2216 425 2261 Nosque
468 2214 625 2249 indultum
668 2213 854 2247 huiusmodi
897 2214 1089 2249 duxerimus
1131 2213 1371 2253 innouandum„
1415 2218 1525 2247 tamen
1567 2211 1770 2247 venerabilis
1814 2211 1916 2245 frater
1957 2216 2072 2246 noster
2108 2240 2115 2247 .
2148 2240 2155 2247 .

290 2277 479 2323 Episcopus
509 2276 742 2309 Olomueeusis
772 2279 803 2308 et
833 2275 996 2309 Rectores
1025 2275 1284 2309 Parrocliialium
1314 2275 1533 2309 ecclesiarum
1563 2272 1796 2307 Olomucensis
1825 2272 1970 2307 diocesis
1999 2273 2157 2308 indultum

288 2337 474 2372 huiusmodi
504 2337 688 2371 uoluntaria
719 2338 993 2381 interpretatione
1023 2339 1226 2381 restringere
1262 2336 1436 2370 molientes
1472 2338 1635 2377 asserunt,
1666 2333 1751 2379 quod
1787 2345 1846 2379 pro
1883 2334 2157 2380 possessionibus

288 2405 319 2433 et
347 2399 443 2434 bonis
474 2397 657 2432 huiusmodi
688 2397 819 2430 nonalia
858 2396 979 2430 debent
1021 2397 1169 2437 intelligi.
1200 2402 1233 2431 et
1260 2397 1345 2443 quod
1377 2397 1496 2430 dictum
1540 2395 1696 2429 indultum
1727 2397 1767 2429 sit
1796 2395 1835 2428 ad
1866 2395 1965 2433 bonaq
1995 2406 2060 2441 que
2088 2407 2154 2431 non

288 2460 409 2494 cadunt
436 2459 495 2495 sub
525 2459 753 2493 decimacione
782 2457 840 2491 sed
870 2457 1041 2491 dumtaxat
1070 2458 1109 2491 ad
1140 2459 1269 2492 nonalia
1300 2456 1556 2492 extendendum.
1595 2456 1707 2497 Quare
1744 2455 1839 2490 nobis
1878 2456 2042 2491 humiliter
2069 2468 2156 2503 sup-

288 2522 446 2567 plicastis⁷
477 2525 510 2555 ut
539 2532 613 2555 eum
656 2523 792 2566 propter
833 2518 896 2551 hoe
926 2518 1107 2564 predictum
1150 2520 1305 2553 indultum
1335 2518 1431 2553 uobis
1472 2517 1629 2551 reddatur
1671 2518 1795 2555 inutile,
1840 2518 2016 2564 prouidere
2057 2518 2154 2553 uobis

288 2594 389 2628 super
417 2582 479 2616 lioe
509 2582 549 2616 de
578 2586 742 2628 oportuno
771 2579 919 2614 remedio
949 2579 1175 2623 dignaremur.
1206 2580 1275 2615 Nos
1312 2583 1410 2625 igitur
1447 2578 1654 2612 attendentes
1690 2581 2003 2625 intcrprctacionem
2033 2579 2154 2614 liuius—

286 2644 372 2677 modi
401 2643 549 2677 ciusdem
591 2642 703 2677 verbis
733 2641 843 2675 indulti
886 2652 925 2675 ac
967 2643 1136 2675 intentioni
1180 2642 1256 2676 dicti
1299 2640 1549 2687 predecessoris
1591 2644 1623 2673 ct
1658 2645 1770 2674 nostre
1799 2641 1972 2687 plurimum
2001 2640 2151 2684 obuiare,
