2341 3005
1056 148 1128 183 195

152 264 219 298 Aut
247 267 275 298 si
302 275 441 310 presens
470 274 538 298 non
565 263 669 298 fueris
698 263 739 298 ad
766 262 981 310 prestandum
1010 263 1051 298 de
1078 263 1302 298 observandis
1331 267 1459 299 statutis
1488 269 1521 299 et
1548 266 1845 301 consuetudinibus
1883 267 2031 302 eiusdem

152 326 295 360 ecclesie
324 328 454 359 ratione
482 325 654 372 prebende
683 319 868 359 huiusmodi
898 325 1028 359 solitum
1056 328 1289 369 iuramentum,
1320 325 1498 361 dummodo
1528 330 1560 361 in
1590 328 1741 363 absentia
1775 333 1829 363 tua
1858 341 1919 376 per
1946 341 2032 376 pro-

152 392 341 421 curatorem
383 388 553 433 ydoneum
592 391 624 422 et
659 398 733 421 cuin
770 386 810 421 ad
845 386 1025 422 ecclesiam
1058 389 1164 433 ipsam
1199 390 1388 423 accesseris
1431 389 1651 435 corporaliter
1686 390 1764 424 illud
1798 395 1930 437 prestes
1972 403 2032 426 seu

151 448 238 494 quod
268 447 422 494 Capellas
452 452 557 483 sancti
587 448 739 495 Procopii
769 453 846 483 ante
882 449 1028 483 Brunam
1063 454 1095 484 et
1123 452 1229 484 sancti
1258 449 1429 484 Laurentii
1457 453 1490 484 in
1513 450 1667 495 Prer0w‚
1697 463 1760 486 nec
1782 464 1849 486 non
1865 453 2031 498 quoddam

150 509 347 544 beneficium
365 510 630 544 ecclesiasticum
647 510 836 545 obedientia
851 513 883 544 in
908 510 1089 545 Pizivisow
1104 510 1188 557 (sic)
1203 511 1388 556 vulgariter
1406 517 1631 558 nuncupatum
1659 524 1720 559 per
1747 514 1896 560 prefatos
1925 515 2033 562 Capi-

150 571 250 605 tulum
267 570 323 605 tibi
339 576 373 605 ut
389 574 514 606 asseris
525 576 683 617 tanquam
695 573 866 606 Canonico
876 575 980 621 ipsius
996 572 1140 607 ecclesie
1157 572 1324 609 collatum.
1343 572 1576 608 Olomucensis
1592 579 1622 608 et
1639 573 1820 620 Pragensis
1837 575 2031 611 Diocesium

149 635 302 667 nosceris
331 633 493 667 obtinere.
524 633 609 667 Nulli
639 638 703 667 etc.
739 638 854 668 nostre
887 637 1130 668 reservationis
1165 633 1370 669 inhibitionis
1406 638 1652 669 constitutionis
1686 640 1719 670 et
1751 636 1933 672 voluntatis
1974 640 2032 672 in-

148 693 298 740 fringere
327 699 390 729 etc.
447 694 567 729 Datum
597 695 770 729 Avinione
799 695 880 730 XVI
909 695 1080 730 Kalendas
1108 696 1234 742 Aprilis
1262 696 1366 731 Anno
1396 695 1539 731 Octavo.

332 756 368 791 In
398 756 541 791 eundem
570 757 703 791 modum
726 757 864 791 Dilectis
880 757 954 802 filijs
972 785 978 792 .
998 785 1004 792 .
1035 757 1087 792 De
1108 757 1197 792 Aula
1212 757 1325 804 Regia·
1352 762 1384 793 et
1404 786 1408 792 .
1428 786 1435 793 .
1466 758 1731 794 Strahowiensis
1745 758 2030 795 Monasteriorum

148 817 336 853 Abbatibus
365 829 405 852 ac
422 845 429 852 .
448 842 455 857 ,
484 817 624 852 Decano
648 819 793 853 ecclesie
814 818 1053 855 Cremsirensis
1075 819 1258 864 Pragensis
1275 824 1305 854 et
1323 819 1556 855 Olomucensis
1574 820 1758 856 diocesium
1788 820 1935 856 Salutem
1965 827 2028 857 etc.

147 879 214 914 Illis
242 879 384 914 libenter
425 880 609 926 apostolice
645 881 734 914 sedis
763 885 826 915 etc.
857 892 963 927 usque
992 883 1140 915 noscitur
1167 880 1330 916 obtinere.
1363 881 1531 923 Quocirca
1560 882 1758 917 mandamus
1787 886 1939 928 quatinus
1968 895 2030 918 vos

148 940 204 976 vel
238 941 302 975 duo
337 945 393 975 aut
425 952 510 975 1111115
545 946 706 976 vestrum.
748 953 808 988 per
846 954 910 977 vos
948 942 1004 977 vel
1039 942 1136 976 alium
1173 954 1233 977 seu
1271 943 1336 977 alio
1364 943 1570 990 prebendam
1599 944 1788 979 huiusmodi
1816 956 1876 991 per
1904 956 1967 979 nos
1997 950 2030 979 ut

147 1005 344 1050 premittitur
378 1006 412 1037 111
440 1002 559 1037 eadem
589 1004 734 1038 ecclesia
764 1009 974 1038 reservatam
1003 1007 1030 1039 si
1060 1009 1210 1051 tempore
1239 1004 1427 1039 huiusmodi
1462 1009 1577 1040 nostre
1609 1009 1852 1040 reservationis
1886 1006 2030 1041 vacabat

147 1064 269 1100 ibidem
297 1065 353 1099 vel
381 1069 498 1111 postea
526 1068 714 1100 vacaverit.
746 1070 799 1099 aut
829 1069 1071 1112 quamprimum
1113 1077 1187 1100 eam
1229 1078 1355 1101 vacare
1384 1070 1563 1112 contigerit-
1597 1067 1704 1102 eidem
1733 1067 1945 1104 Meinhardo.
1975 1068 2029 1102 vel

122 1113 355 1174 *procuratori
384 1138 445 1161 suo
474 1129 545 1161 eius
574 1130 709 1162 nomine
738 1132 810 1173 post
841 1130 1074 1173 acceptionem
1102 1127 1290 1162 huiusmodi
1319 1139 1393 1162 cum
1423 1128 1577 1163 omnibus
1606 1128 1731 1163 iuribus
1761 1134 1793 1163 et
1820 1132 2030 1176 pertinentiis

147 1191 216 1223 suis
257 1191 456 1223 auctoritate
490 1193 604 1223 nostra
640 1188 796 1223 conferre
832 1194 863 1223 et
900 1192 1075 1234 assignare
1107 1194 1252 1224 curetur.
1296 1189 1498 1225 Inducentes
1531 1191 1674 1225 eundem
1708 1190 1941 1226 Meinbardum
1976 1192 2030 1226 vel

146 1254 398 1298 procuratorem
427 1250 610 1297 predictum
640 1262 699 1297 pro
729 1262 770 1285 eo
801 1253 832 1285 in
862 1251 1072 1297 corporalem
1100 1254 1353 1298 possessionem
1382 1252 1531 1298 predicte
1560 1252 1743 1299 prebende.
1781 1264 1821 1288 ac
1850 1256 1969 1287 iurium
1999 1258 2031 1288 et

146 1315 421 1360 pertinentiarum
463 1312 700 1358 predictorum.
744 1317 777 1347 et
815 1312 1034 1347 defendentes
1075 1313 1245 1347 inductum
1280 1325 1320 1347 ac
1349 1313 1513 1348 facientes
1553 1314 1615 1349 sibi
1650 1314 1690 1350 de
1726 1318 1829 1362 ipsius
1857 1315 2030 1361 prebende

146 1374 308 1409 fructibus
340 1373 522 1408 redditibus
558 1374 778 1421 proventibus
816 1374 942 1408 iuribus
979 1379 1011 1409 et
1047 1374 1306 1410 obventionibus
1337 1378 1505 1410 universis
1534 1379 1665 1422 integre
1700 1377 1910 1424 responderi.
1954 1376 2029 1412 Non

146 1435 354 1471 obstantibus
383 1435 538 1470 omnibus
567 1436 767 1488 supradictis
796 1448 855 1470 seu
886 1439 912 1471 si
942 1436 1069 1471 eisdem
1098 1436 1268 1483 Episcopo
1297 1441 1329 1471 et
1359 1436 1510 1484 Capitulo
1539 1438 1595 1472 vel
1624 1438 1798 1484 quibusvis
1829 1438 1902 1483 alijs
1931 1450 2030 1473 com-

146 1500 290 1532 muniter
317 1497 373 1532 vel
402 1497 534 1531 divisim
563 1510 581 1531 a
613 1497 698 1532 dicta
727 1498 808 1532 sede
837 1498 995 1532 indultum
1025 1501 1147 1532 existat
1176 1498 1262 1544 quod
1285 1498 1449 1535 interdici.
1475 1499 1633 1546 suspendi
1655 1500 1711 1534 vel
1740 1502 2028 1534 excomnumicari

146 1570 213 1594 non
254 1562 384 1606 possint
425 1570 486 1605 per
523 1559 650 1593 litteras
693 1560 896 1605 apostolicas
938 1571 1004 1594 11011
1046 1559 1209 1595 facientes
1247 1560 1380 1606 plenam
1415 1565 1447 1595 et
1482 1572 1681 1607 expressam
1711 1573 1751 1595 ac
1781 1561 1822 1595 de
1850 1561 1957 1595 verbo
1987 1561 2026 1595 ad

146 1620 288 1656 verbum
317 1621 358 1656 de
386 1620 512 1655 iiidulto
542 1620 728 1655 huiusmodi
758 1624 972 1656 mentionem.
1004 1620 1274 1656 Contradictores
1291 1625 1487 1657 auctoritate
1503 1627 1616 1657 nostra
1635 1627 1698 1657 etc.
1728 1623 1851 1657 Datum
1866 1627 1898 1657 ut
1915 1634 2026 1669 supra.

460 1693 513 1725 (Ex
545 1693 716 1727 autographo
751 1693 872 1727 Regesto
900 1692 1032 1720 ,lobannis
1056 1702 1132 1728 papa*
1155 1693 1236 1720 xxti.
1267 1693 1328 1720 1111111
1360 1693 1428 1720 Vllt.
1459 1697 1527 1728 part.
1554 1694 1572 1720 1.
1598 1702 1660 1728 pag.
1693 1692 1764 1722 255.
1797 1693 1877 1729 epist.
1905 1694 1976 1721 719.
2003 1693 2027 1720 in

563 1745 712 1772 Tabulariis
737 1745 876 1772 Vaticanis
902 1745 1020 1781 copiaxit
1046 1746 1088 1773 Dr.
1115 1746 1142 1773 B.
1167 1746 1279 1778 Dudik.)

147 1903 339 1949 Conradus,
370 1906 551 1950 episcopus
582 1904 829 1941 Olomucense's.
859 1906 1039 1949 confirma!
1068 1905 1278 1938 nmmzsterio
1306 1904 1410 1939 Aaloe
1439 1904 1478 1939 S.
1501 1905 1627 1939 Mariae
1656 1907 1688 1939 in
1718 1905 1876 1951 Antiqua
1904 1905 2026 1939 Brmm

136 1969 198 2011 jus
219 1970 433 2012 patronatus
460 1966 619 2001 eccles-ite
642 1966 882 2011 pctt·rm·lu'ale's
912 1967 943 1999 iu
974 1966 1164 2011 llastopee.
1195 1965 1322 2000 Datum
1351 1966 1516 2001 alamania·
1537 1966 1615 2002 ΧΓ.
1634 1967 1782 2001 Kalend.
1798 1966 1890 2012 111(ῃί
1915 1966 2023 2001 1327,

320 2026 517 2080 conradus
560 2045 613 2079 dei
655 2048 770 2090 gracia
807 2045 994 2091 Episcopus
1038 2044 1271 2079 (sllomucensis
1312 2048 1480 2080 vniucrsis
1524 2045 1798 2080 Christ-itidelibus
1846 2050 2022 2092 presentes

144 2107 256 2142 literas
284 2109 485 2154 inspecturis
513 2107 653 2142 salutem
687 2109 719 2141 in
755 2106 889 2141 domino
924 2109 1174 2152 sempiternam.
1206 2106 1369 2153 Exposcit
1403 2110 1489 2141 inter
1517 2107 1580 2141 alia
1616 2107 1761 2142 debitum
1793 2110 1897 2142 nostri
1926 2108 2024 2150 oll'icij

144 2168 333 2215 pastoralis,
376 2173 413 2203 vt
439 2180 479 2203 ea
509 2179 573 2215 que
603 2168 643 2202 ad
673 2173 790 2203 sancte
820 2168 1007 2213 Religionis
1049 2168 1236 2214 profectum
1271 2172 1303 2202 et
1340 2173 1557 2213 augmentum
1599 2169 1704 2203 cultus
1741 2169 1841 2203 diuini
1883 2171 2025 2202 nominis

145 2233 312 2277 pertinere
340 2235 524 2265 noscuntur
553 2235 667 2265 nostre
697 2232 924 2277 promocionis
953 2230 1060 2264 studio
1088 2233 1250 2276 recipiant
1284 2233 1538 2274 incrementum,
1582 2231 1663 2265 Cum
1700 2234 1810 2276 itaque
1852 2230 2024 2274 110Ιί010511

144 2303 184 2326 110
213 2291 399 2326 deodeuota
433 2291 530 2326 nohis
565 2295 597 2326 in
637 2291 767 2326 Christo
801 2291 933 2326 dilecta*
977 2292 1118 2325 Cristina
1157 2291 1326 2326 abbatissa
1356 2296 1386 2326 ct
1410 2320 1447 2326 ..
1480 2292 1674 2327 Conuentus
1713 2292 2023 2326 Sanctimonialinm

143 2353 339 2389 Monasterii
380 2353 468 2388 Aule
510 2353 636 2389 Sancte
676 2353 783 2388 Mai-ie
819 2356 849 2387 in
889 2352 1065 2397 Suburbijs
1101 2353 1188 2399 opidi
1226 2353 1433 2388 Brunnensis
1472 2354 1721 2401 Cysterciensis
1755 2353 1881 2387 ordinis
1912 2358 2024 2387 nostre

144 2415 302 2463 dyocesis
344 2414 578 2450 olomucensis
619 2415 717 2450 nobis
759 2415 926 2449 humiliter
962 2415 1196 2461 supplicarint,
1233 2419 1396 2461 (111111011115
1431 2420 1542 2451 certos
1577 2416 1738 2450 Redditus·
1774 2420 1804 2449 et
1841 2419 2022 2460 111-0110111115

143 2476 364 2524 parrochialis
392 2476 546 2511 Ecclesie
575 2479 607 2511 in
638 2477 829 2524 llustopecz
858 2476 1007 2510 eiusdem
1037 2477 1194 2523 dyocesis
1224 2480 1317 2511 cuius
1347 2477 1387 2511 ad
1417 2489 1476 2512 eas
1505 2478 1764 2524 Jnspatronatus
1803 2476 1900 2522 pleno
1942 2476 2024 2509 ,11110

144 2541 312 2585 pertinere
355 2538 537 2572 dinoscitur
580 2541 629 2573 cis
663 2543 697 2573 et
733 2539 820 2573 dicto
863 2550 976 2572 earum
1018 2537 1226 2572 Monasterio
1262 2541 1294 2572 in
1337 2544 1518 2586 perpetuos
1553 2551 1634 2573 vsus
1671 2538 1852 2584 applicare.
1884 2537 1963 2571 darc
1992 2541 2022 2571 01

142 2599 332 2634 concedere
367 2599 594 2643 dignaremur.
638 2599 707 2634 Nos
746 2600 955 2634 attendentes
990 2599 1074 2633 adeo
1103 2599 1245 2634 eandem
1274 2600 1462 2635 Ecclesiam
1492 2603 1522 2634 111
1554 2603 1622 2634 suis
1651 2599 1847 2633 Redditibus
1878 2603 1909 2633 et
1939 2610 2023 2645 pro-

142 2660 297 2695 uentibus
332 2660 537 2703 habundare,
580 2661 666 2706 quod
696 2673 810 2696 earum
840 2665 1000 2708 porcione
1029 2673 1179 2706 congrua
1216 2661 1302 2696 dicto
1338 2661 1544 2696 Monastcrio
1575 2664 1604 2695 in
1636 2665 1830 2707 perpetuum
1860 2660 2021 2707 applicata

1753 2721 1813 2749 25*
