2341 3005
171 248 290 284 Jacobi
325 251 446 284 vicarii
488 252 641 296 perpetui
669 249 706 284 S.
735 248 889 284 Mauricii
919 253 951 283 ct
981 249 1127 283 Conradi
1161 251 1280 283 vicarii
1316 254 1347 283 et
1381 249 1529 284 altariste
1565 251 1710 286 ecclesie
1745 251 1978 286 (lloinucensis
2010 275 2051 277 —

171 315 205 345 et
231 310 396 345 Johannis
416 314 559 346 rectoris
580 311 752 358 hospitalis
769 310 1004 346 Olomucensis
1023 333 1066 335 —
1086 315 1165 357 agat
1184 332 1226 335 —
1248 310 1336 344 Acta
1354 313 1386 345 in
1403 311 1498 345 stuba
1516 312 1632 347 domus
1654 325 1727 347 mee
1742 313 2054 348 31¹'.Ce00.xxx⁰.

170 375 203 407 in
231 372 348 418 vigilia
378 372 413 407 S.
446 373 576 407 Thonie
606 372 758 420 apostoli.

486 453 520 489 (E
547 453 642 480 codice
667 453 698 480 11.
724 452 742 480 f.
770 452 906 480 35—37.
932 453 957 480 iu
982 452 1093 480 archivo
1119 453 1228 488 capituli
1253 453 1442 480 Olomucensis
1468 458 1609 480 asservato
1635 455 1752 482 extraxit
1778 457 1810 483 A.
1837 456 1970 487 Boczek.)

169 628 301 672 Hinco,
339 630 521 674 episcopus
558 628 810 673 Oleniae-ensis,
848 634 1029 664 cono-mat
1064 630 1272 676 Lipleardam
1307 642 1329 664 α
1364 634 1533 665 com-enlm
1567 633 1771 665 mmmsterie·
1805 632 1843 666 S.
1878 632 1993 667 (Ilm-(e
2023 635 2056 667 ia

171 690 328 736 Zizoyma
357 695 527 725 rectorem
563 690 788 725 ecclesiarium
819 690 858 725 S.
888 691 1074 725 Michaelis
1108 696 1143 726 et
1172 692 1210 727 S.
1242 692 1446 727 Isallzerinoe
1475 692 1597 727 ibidem
1627 694 1827 727 institutum.
1864 694 1992 728 Delum
2024 697 2056 729 in

739 753 895 788 Modricz·
934 753 966 788 Γ.
997 754 1146 788 [salomi.
1176 755 1343 789 Jannare'i
1370 754 1486 789 1330.

344 821 434 876 Nos
469 840 591 888 Hpico
629 841 681 875 dei
711 845 743 876 et
777 841 963 888 apostolice
1001 842 1091 876 sedis
1124 846 1241 888 gracia
1272 842 1508 877 Olomucensis
1543 843 1731 890 Episcopus
1766 848 1880 878 notum
1916 844 2056 879 t'acinius

168 905 336 937 vniuersis
364 907 540 950 presentes
577 902 690 937 literas
719 906 931 950 inspecturis.
973 904 1069 945 Quod
1099 916 1160 939 nos
1192 905 1231 939 ad
1260 908 1553 951 presentacionem
1587 910 1620 939 et
1652 908 1853 952 peticionem
1885 906 2056 951 Religiose

168 976 208 998 ac
247 964 435 1000 deodeuote
469 954 605 999 Sororis
633 964 852 1011 Margarethe
886 965 1070 1000 Abbatisse
1100 966 1291 1013 'sociusque
1324 972 1510 1001 conuentus
1540 967 1735 1002 Monialium
1771 968 1896 1002 ordinis
1932 968 2057 1003 Sancte

168 1025 267 1061 Clare
288 1030 322 1061 in
350 1026 505 1073 Znoyma
526 1026 717 1061 Discretum
737 1030 859 1062 virum.
889 1027 986 1061 nobis
1009 1031 1041 1062 in
1072 1028 1202 1062 Christo
1226 1029 1391 1072 dilectmm
1422 1028 1625 1075 Liphardum
1646 1029 1804 1063 clericum
1834 1029 2055 1064 exhibitorem

167 1091 397 1135 presencium,
433 1091 465 1123 in
495 1088 649 1123 Ecclesia
676 1088 880 1136 parrochiali
915 1089 1031 1124 Sancti
1059 1090 1233 1124 Michaelis
1262 1090 1383 1125 ibidem
1417 1093 1450 1125 in
1478 1091 1633 1138 Znoyma
1666 1103 1728 1138 per
1755 1096 1895 1126 mortem
1916 1120 1948 1126 ..
1979 1092 2055 1126 olim

167 1152 272 1196 ipsius
300 1149 454 1185 Ecclesie
483 1150 617 1197 plebani
638 1155 796 1193 vacante5
826 1154 858 1185 in
889 1163 952 1198 qua
978 1151 1095 1186 eadem
1126 1152 1296 1187 abbatissa
1320 1157 1352 1187 et
1381 1152 1576 1187 Conuentus
1600 1156 1650 1187 ius
1680 1153 1828 1187 obtinent
1848 1158 2055 1200 patronatus„

166 1216 334 1246 rectorem
361 1212 560 1258 legittimum
602 1215 801 1248 instituimus
835 1218 867 1247 et
894 1213 1092 1260 plebanmm
1137 1217 1241 1261 ipsam
1271 1214 1332 1249 sibi
1368 1226 1442 1248 cum
1478 1215 1613 1261 Capella
1649 1214 1775 1249 Sancte
1810 1215 1994 1249 Katherine
2023 1219 2055 1250 in

166 1264 278 1308 castro
307 1274 515 1321 Znoymensi
545 1274 586 1308 ad
615 1275 794 1309 ecclesiam
823 1278 1023 1322 pertinente,
1054 1281 1085 1310 ct
1115 1276 1267 1310 omnibus
1297 1279 1364 1311 suis
1385 1276 1520 1311 Juribus
1550 1282 1583 1311 et
1611 1279 1828 1324 pertinencijs
1857 1290 1917 1324 per
1945 1278 2056 1313 abba-

166 1338 283 1370 tissam
311 1336 495 1382 predictam
539 1341 571 1370 et
606 1335 814 1371 Conuentum
859 1341 1031 1384 expressis
1069 1341 1266 1372 auctoritate
1304 1338 1473 1373 ordinaria
1509 1338 1765 1382 emflirmantes,
1809 1344 1839 1374 et
1876 1352 1990 1374 curam
2024 1343 2054 1374 ci

166 1400 353 1432 animarum
381 1398 504 1432 ibidem
534 1403 566 1432 et
595 1399 923 1434 administracionem
952 1400 1169 1446 spiritualium
1198 1405 1228 1433 et
1259 1401 1502 1447 temporalium.
1533 1405 1630 1447 prout
1651 1401 1692 1435 ad
1720 1406 1872 1435 nostrum
1902 1407 2052 1448 spectant

165 1457 312 1493 officium
347 1462 570 1495 comittcntcs.
614 1460 651 1495 In
680 1464 774 1495 cuius
809 1464 857 1495 rei
887 1465 1110 1496 testimonium
1148 1466 1324 1508 presentes
1366 1462 1428 1496 sibi
1464 1462 1534 1496 dari
1563 1462 1760 1497 mandamus
1802 1463 1916 1497 literas
1947 1464 2054 1509 sig-itti

166 1523 271 1555 nostri
299 1525 507 1568 appensione
536 1525 690 1557 munitas.
720 1522 843 1557 Datum
872 1528 906 1558 et
933 1528 1043 1558 actum
1072 1527 1104 1558 in
1132 1523 1283 1558 Modricz
1312 1524 1415 1558 Anno
1445 1523 1569 1558 domini
1592 1524 1770 1559 Millesimo
1800 1525 2054 1559 Trecentesimo

166 1581 352 1617 Tricesimo
380 1582 440 1618 VO.
471 1583 642 1618 Kalendas
669 1584 834 1630 Januarij.

482 1664 570 1699 (Orig.
603 1665 748 1692 membran.
781 1673 838 1692 cum
870 1665 962 1700 sigillo
988 1675 1020 1692 ex
1052 1669 1127 1701 parte
1152 1669 1231 1701 rupto
1262 1665 1287 1692 in
1312 1665 1422 1692 archivo
1453 1666 1584 1693 Societat.
1614 1666 1681 1693 Jesu
1711 1666 1838 1701 Znoymae
1868 1667 1938 1702 apud
1963 1667 1992 1694 C.
2021 1668 2049 1695 tt.

585 1718 703 1746 Gubern.
729 1718 823 1745 Brunae
846 1719 896 1745 sub
922 1719 960 1746 lit.
987 1719 1017 1746 D.
1044 1728 1069 1746 n.
1096 1719 1160 1752 44.)

1032 1824 1183 1859 CDXIII.

163 1893 354 1937 Johamzes,
393 1905 460 1928 rea·
488 1894 675 1938 Bokemice,
705 1897 841 1939 statuit„
877 1897 971 1930 eires
1002 1896 1244 1929 Olonna-enses
1269 1907 1374 1940 posse
1403 1895 1578 1930 debitores
1612 1908 1694 1930 suos
1723 1900 1915 1932 arreslare.
1947 1901 2051 1944 alque

164 1955 400 1990 incendiarios
430 1956 598 1990 violentos
627 1960 661 1990 el
691 1959 898 1992 temerarios
926 1959 958 1991 iu
987 1960 1112 1992 stratis
1130 1957 1279 2003 publicis
1307 1961 1341 1991 et
1371 1957 1462 1991 alias
1491 1959 1667 1991 oecis-ores
1690 1959 1847 2005 aliosque
1876 1959 2050 2004 iizttlelicos

309 2029 438 2063 capere
467 2021 501 2051 et
521 2018 686 2063 jaula-are
715 2018 845 2065 absque
868 2022 1060 2065 pnes-entia
1081 2020 1213 2065 judic-is
1238 2019 1478 2065 provincialis.
1509 2019 1570 2054 Di.
1601 2020 1764 2065 Mer-anis,
1797 2020 1909 2055 1331.

337 2086 535 2141 ‘lohannes
571 2106 623 2141 dci
658 2110 775 2152 gracia
810 2106 972 2142 Bohemie
1010 2112 1043 2142 et
1071 2108 1208 2142 Polouie
1238 2119 1299 2142 rex
1335 2119 1375 2142 ac
1403 2107 1710 2154 Luccmhurgensis
1746 2121 1861 2144 comes
1897 2109 2050 2143 omnibus

163 2169 196 2202 in
217 2172 427 2214 perpetuum.
451 2168 506 2202 Ad
527 2167 718 2202 extollenda
735 2170 902 2214 justorum
922 2173 1093 2216 preconia⁷
1118 2174 1149 2204 et
1172 2170 1332 2204 malorum
1354 2170 1550 2205 insolentias
1572 2171 1815 2218 reprimendas.
1839 2173 2049 2217 prospiciens

164 2228 207 2263 de
242 2229 317 2263 celo
360 2231 482 2264 iustitia
531 2233 640 2264 crexit
681 2233 713 2264 in
751 2230 880 2277 populis
930 2235 1142 2277 regnantium
1180 2232 1263 2266 solia
1305 2236 1338 2266 et
1375 2231 1587 2267 diuersorum
1630 2236 1814 2279 principum
1852 2237 2048 2279 potestates.

164 2289 338 2326 caruisset
374 2294 463 2325 enim
505 2291 648 2326 libenter
684 2291 828 2327 humana
866 2293 1010 2328 conditio
1048 2295 1133 2339 jugo
1169 2293 1304 2327 dominii
1348 2295 1494 2340 iurisque
1529 2297 1678 2340 rigorem
1708 2294 1823 2328 dictari
1865 2298 1980 2327 contra
2010 2306 2048 2329 se

163 2351 352 2386 nullatenus
386 2355 554 2398 petiisset,
584 2356 649 2387 nisi
685 2353 772 2400 quod
807 2356 966 2400 impunita
1009 2355 1174 2390 scelerum
1204 2355 1335 2389 licentia
1366 2357 1398 2389 in
1440 2355 1629 2390 euidentcm
1665 2358 1840 2390 consucvit
1879 2354 2048 2390 hominum

163 2416 346 2460 perniciem
375 2414 587 2466 redundare2
619 2419 762 2462 oportuit
790 2418 975 2463 principum
1012 2420 1220 2452 sanctionem
1251 2416 1435 2451 naturalem
1472 2417 1656 2452 libertatem
1699 2416 1893 2451 submittere
1921 2418 2049 2461 justitie

163 2478 197 2508 et
223 2477 362 2520 generis
392 2474 526 2510 humani
555 2476 695 2511 malitias
728 2480 808 2511 iuris
837 2477 1014 2513 dictamine
1044 2484 1075 2513 et
1108 2478 1220 2523 gladio
1249 2478 1381 2513 ultionis
1414 2479 1524 2514 debite
1554 2479 1739 2513 coherceri.
1784 2478 2047 2513 Considerantes

163 2538 264 2582 igitur
291 2540 324 2589 et
352 2540 563 2583 experientia
592 2543 683 2573 certa
713 2542 872 2583 scientes,
903 2540 989 2585 quod
1019 2540 1127 2575 dilecti
1149 2540 1264 2574 lidclcs
1293 2543 1399 2575 nostri
1428 2544 1523 2575 cives
1548 2541 1805 2584 ffloumccuses,
1835 2543 1868 2574 in
1899 2552 1935 2574 se
1965 2543 2045 2587 ipsis

163 2608 182 2632 a
211 2597 308 2632 honis
350 2609 467 2633 eorum
503 2611 564 2646 per
605 2603 716 2635 uarios
753 2600 923 2635 debitores
965 2601 1134 2636 hominum
1170 2602 1334 2637 uiolentos
1363 2614 1404 2636 ac
1446 2605 1644 2637 temerarios
1679 2605 1850 2636 occisores
1893 2606 1925 2636 et
1963 2602 2046 2637 alios

162 2658 333 2694 maleficos
369 2660 592 2708 multipliciter
628 2663 858 2709 opprimuntur
890 2667 923 2698 et
958 2666 992 2698 in
1028 2664 1170 2710 dampna
1199 2666 1318 2709 grauia
1352 2664 1572 2708 deducuntur⁷
1615 2666 1766 2710 ipsorum
1802 2663 1985 2699 commodis
2015 2669 2047 2698 et
