2357 3021
1093 189 1141 224 43

173 312 239 342 tam
267 307 398 343 futuris.
442 318 540 353 quam
578 305 803 353 presentibus.
846 305 943 347 Quod
973 316 1047 350 nos,
1090 305 1348 340 considerantes
1391 305 1528 340 feruens
1571 306 1789 342 desiderium.
1833 307 1920 353 quod
1959 308 2066 343 Socer

172 373 297 404 noster.
337 369 491 403 dominus
525 368 769 411 NVencezlaus,
809 367 958 415 Inclytus
994 367 1161 414 quondam
1200 367 1340 402 Boemie
1373 372 1405 402 et
1445 367 1584 401 Polonie
1623 368 1699 403 Rex
1736 371 1790 416 pie
1826 373 1990 404 memorie
2025 370 2067 405 ad

172 431 411 465 fundacionem
441 430 583 465 Claustri
614 430 925 464 Sanctimonialium
955 433 987 464 in
1016 430 1104 473 loco,
1135 432 1188 476 qni
1219 428 1320 464 Ortus
1348 429 1456 474 Regis
1486 429 1616 471 dieitur„
1646 435 1723 464 ante
1753 430 1924 466 Brnnnam
1954 431 2067 466 habuit

173 493 215 527 ad
251 496 451 527 instanciam
494 492 679 527 Karissime
723 492 899 526 Consortis
942 496 1057 527 nostre
1099 491 1234 526 domine
1275 491 1463 538 Elyzabetb
1493 491 1630 526 Illustris
1673 492 1813 527 Boemie
1855 498 1888 528 et
1930 494 2067 529 Polonie

172 555 319 601 Regine.
350 554 392 589 ob
422 555 671 589 Renerenciam
702 558 733 588 et
763 553 924 588 honorem
956 554 1079 588 domini
1108 556 1212 588 nostri
1241 553 1323 588 Jesu
1354 552 1474 588 Christi
1511 558 1545 588 et
1573 553 1817 599 gloriosissime
1851 559 1966 591 matris
1995 559 2068 591 eius

172 619 316 662 virginis
344 616 464 660 Marie,
495 628 534 650 ac
563 619 679 650 sancte
708 615 894 662 Elyzahetli
924 616 1044 651 electe.
1074 615 1195 650 ibidem
1231 615 1418 651 Claustrum
1448 616 1751 650 sanctimonialium
1782 616 1916 652 Ordinis
1946 618 2069 653 Predi-

173 683 324 713 catorum
354 678 485 712 fundari
515 678 668 715 fecimus.
699 677 787 723 quod
816 680 924 711 eciam
955 678 1071 712 Ortum
1100 677 1207 723 Regis
1236 677 1391 713 volumus
1421 680 1620 724 nuncupari.
1651 677 1839 712 Predictam
1869 680 2069 715 Consortem

173 745 322 775 nostram
352 740 572 774 fundatricem
601 742 705 786 ipsius
734 739 888 774 Ecclesie
918 742 1159 774 constituentes
1188 742 1260 774 eius
1289 743 1378 774 votis
1407 744 1440 774 et
1468 739 1624 786 precibus
1655 740 1848 775 annuendo.
1872 746 1904 775 et
1933 742 2067 777 domine

175 802 335 837 Katerine
371 802 500 836 Relicte
537 801 705 847 quondam
742 801 906 836 Tassonis
943 802 983 836 de
1019 801 1179 835 Lomnicz
1217 804 1352 848 suisque
1389 801 1662 847 Consanguineis
1703 807 1735 836 et
1770 801 1925 837 affniibus
1962 807 2067 850 ipsum

174 864 285 899 locum
313 875 372 910 pro
401 864 582 910 Regimine
612 863 768 897 duximus
798 863 1084 907 committendum,
1114 863 1244 898 Dantes
1280 863 1420 900 eisdem*
1456 875 1495 898 ac
1531 864 1604 898 aliis
1639 864 1824 908 sororibus,
1863 876 1928 911 que
1962 878 1999 900 se
2028 866 2069 900 ad

175 926 229 960 dei
258 926 380 960 cultum
409 930 442 960 et
469 925 663 970 famulatum
693 925 815 959 ibidem
852 928 1054 972 receperint„
1090 925 1279 959 Pomerium
1314 930 1478 969 nostrum,
1515 925 1649 960 Turrim
1689 937 1764 960 eum
1794 931 1862 961 tota
1894 927 2003 962 Curia.
2036 933 2068 962 et

176 987 305 1031 Ortum,
335 999 400 1034 que
442 998 550 1033 Vsque
594 987 635 1022 ad
664 987 828 1034 hospitale
871 990 983 1021 omnia
1017 987 1148 1034 plenius
1191 999 1228 1022 se
1257 987 1455 1026 extendunt,
1498 993 1596 1034 prout
1638 988 1681 1022 ad
1710 1000 1772 1023 nos
1802 992 1980 1035 pertinent„
2010 1002 2069 1024 seu

175 1049 388 1097 pertinebant
416 1049 573 1093 tenenda,
603 1054 637 1083 et
664 1048 867 1096 possidenda
898 1053 1072 1095 perpetuo,
1103 1052 1135 1083 in
1164 1049 1349 1084 remedium
1379 1052 1564 1084 animarum
1594 1049 1890 1085 Predecessorum.
1922 1056 1953 1086 et
1982 1051 2071 1086 Pro—

177 1115 368 1157 genitorum
396 1116 599 1146 nostrorum.
629 1115 663 1145 et
696 1114 844 1145 omnium
880 1114 1066 1145 animarum
1103 1114 1254 1157 requiem
1290 1115 1542 1158 sempiternam.
1578 1111 1741 1147 Volentes
1777 1117 1813 1147 vt
1846 1113 1931 1147 dicta
1968 1114 2069 1150 bona.

178 1185 243 1220 que
279 1173 406 1208 eisdem
441 1173 603 1208 dedimus.
635 1173 743 1207 nullus
772 1177 943 1219 presumat
972 1176 1145 1219 impetereq
1176 1173 1231 1208 vel
1261 1173 1448 1220 aliqualiter
1482 1174 1655 1221 impedire.
1693 1174 1729 1209 In
1764 1178 1858 1209 cuius
1895 1179 1941 1209 rei
1972 1180 2071 1211 testi-

176 1239 324 1270 monium
352 1240 530 1282 presentes
559 1236 673 1269 literas
709 1235 780 1269 fieri
817 1235 970 1270 fecimus
1007 1240 1039 1269 et
1069 1236 1265 1281 Sigillorum
1301 1240 1493 1271 nostrorum
1529 1239 1711 1270 munimine
1746 1236 1911 1271 roborari.
1949 1237 2071 1272 Datum

175 1282 288 1332 Brune
316 1296 412 1332 XVO.
450 1297 620 1332 Kalendas
654 1297 744 1342 Julijq
780 1298 883 1331 Anno
920 1297 1043 1331 domim
1080 1297 1269 1336 Millesimo,
1306 1297 1573 1334 Trecentesimo.
1610 1298 1833 1334 Duodecimo,
1872 1300 2067 1345 Regnorum

174 1371 259 1394 vero
287 1364 478 1394 nostrorum
508 1360 610 1393 Anno
641 1359 811 1393 Secundo.

490 1440 579 1474 (θὼς.
608 1440 754 1467 membran.
781 1449 839 1466 cum
864 1439 958 1474 sigillo
983 1440 1078 1474 mojori
1105 1440 1239 1466 bilateraii
1265 1444 1343 1476 rupto
1370 1440 1394 1467 iu
1420 1441 1531 1467 archivo
1557 1441 1679 1475 ejusdem
1706 1442 1865 1468 monasterii
1892 1442 1962 1477 apud
1988 1444 2016 1470 C.
2043 1443 2070 1470 tt.

597 1494 715 1520 Gubern.
742 1493 835 1520 Brunae
861 1494 910 1520 sub
937 1493 975 1520 lit.
1003 1495 1035 1520 Α.
1063 1502 1087 1520 n.
1118 1492 1157 1525 l.)

1083 1607 1167 1642 LIX.

179 1682 348 1717 Clemens.
375 1694 472 1728 papa
508 1682 544 1716 Γ.
582 1683 762 1727 confirmat
798 1683 938 1717 litteras
982 1682 1133 1726 'l'leolu'tr7
1174 1684 1365 1730 Praqensis
1405 1686 1562 1730 episcopi
1595 1684 1639 1718 ab
1677 1696 1767 1718 auno
1806 1684 1919 1720 1287.
1950 1685 2071 1731 quibas

179 1744 387 1780 declararit.
418 1744 561 1778 Petrum
591 1744 875 1788 (Olomueensem
904 1747 1121 1790 episcopam)
1154 1747 1195 1780 (le
1225 1747 1393 1791 leffl'tlz'mo
1423 1748 1642 1781 ηιαίνίιηοηίο
1672 1758 1750 1780 esse
1778 1751 1906 1781 nasum.
1946 1748 2005 1782 Dc.
2038 1750 2071 1782 in

667 1806 837 1840 Pre‘oratn
865 1807 907 1841 de
939 1808 1124 1841 Graasello
1154 1808 1222 1842 III.
1247 1808 1328 1842 Idas
1357 1808 1447 1842 Jale‘i
1476 1808 1588 1842 1312.

354 1893 533 1948 Clemens
562 1912 762 1959 Episcopus.
801 1912 930 1947 Servus
975 1914 1161 1947 Servorum
1190 1914 1253 1947 Dei
1288 1914 1420 1948 Dilecto
1458 1914 1542 1948 Filio
1578 1915 1676 1949 Petro
1705 1915 1822 1949 Electo
1853 1915 2069 1951 Olomucensi

178 1975 327 2009 Salutem
364 1980 395 2009 et
438 1975 671 2022 Apostolicam
707 1974 988 2009 benedictionem.
1034 1975 1096 2009 Per
1124 1976 1267 2021 grandia
1310 1980 1439 2010 tuarum
1482 1976 1568 2011 dona
1609 1980 1776 2012 virtutum,
1808 1990 1910 2024 snper
1952 1979 2070 2024 quibus

178 2036 265 2083 apud
295 2048 356 2071 nos
385 2037 608 2083 multipliciter
631 2036 890 2071 commendaris.
921 2040 969 2071 sie
1000 2037 1054 2071 tibi
1085 2042 1233 2071 nostram
1263 2037 1526 2072 benivolentiam
1549 2039 1748 2083 vendicasti,
1773 2040 1859 2084 quod
1890 2052 2070 2086 personam

180 2104 268 2133 tuam
298 2099 477 2145 condignis
507 2099 692 2133 honoribus
728 2098 872 2133 libenter
908 2099 1084 2133 attollimus
1121 2104 1151 2133 et
1181 2103 1359 2145 generosis
1395 2099 1569 2135 favoribus
1605 2105 1834 2147 prevenimns.
1873 2102 1925 2136 Ex
1956 2107 2073 2137 tenore

180 2160 344 2207 siquidem
373 2165 428 2195 tue
456 2164 635 2208 peticionis
665 2164 870 2208 accepimus.
894 2161 981 2207 quod
1004 2161 1125 2195 dudum
1149 2165 1179 2195 in
1211 2161 1355 2196 ecclesia
1379 2164 1541 2197 Saccensi
1564 2163 1747 2208 l'ragensis
1777 2164 1921 2198 diocesis
1952 2165 2071 2199 Cano-

180 2225 291 2257 nicatu
320 2227 353 2257 et
381 2223 553 2270 prebenda
583 2235 643 2270 per
672 2223 796 2257 obitum
826 2223 993 2268 qnondam
1023 2222 1181 2258 Reliwini
1212 2226 1315 2269 ipsius
1345 2224 1490 2259 ecclesie
1524 2225 1687 2259 Canonici
1715 2226 1927 2260 vacantibus.
1958 2231 1988 2260 tu
2016 2229 2071 2272 qui

179 2287 375 2319 auctoritate
405 2284 528 2319 home.
550 2285 715 2319 Johannis
736 2284 894 2331 Episcopi
919 2285 1101 2330 Pragensis
1125 2288 1156 2319 in
1178 2285 1296 2320 eadem
1320 2286 1465 2321 ecclesia
1493 2291 1649 2333 receptus
1672 2286 1784 2322 fueras
1808 2291 1838 2321 in
1864 2289 2069 2322 Canonicnm

178 2350 211 2381 et
240 2349 272 2380 in
302 2345 467 2383 Fratrem.
498 2347 704 2394 prebendam
748 2350 853 2393 ipsam
883 2351 1040 2393 tanquam
1083 2346 1139 2381 tibi
1170 2347 1210 2381 de
1240 2350 1311 2382 inre
1353 2347 1498 2382 debitam
1535 2360 1552 2382 a
1584 2349 1707 2383 bo.me.
1752 2349 1858 2384 Tobia
1903 2349 2071 2395 Episcopo

179 2408 344 2453 l'ragensi
373 2408 449 2443 dicti
479 2408 645 2444 Joliannis
674 2420 874 2444 successore
904 2409 1051 2443 conferri
1086 2420 1161 2443 cum
1188 2412 1343 2444 instantia
1376 2410 1561 2457 postulasti.
1594 2410 1720 2445 Verum
1751 2414 1825 2457 quia
1857 2411 1897 2445 ad
1927 2411 2071 2445 eundem

179 2469 319 2504 Tobiam
349 2468 437 2504 fama
467 2470 637 2505 referente
666 2475 881 2518 pervenerat.
913 2470 1000 2517 quod
1029 2470 1196 2516 quondam
1226 2472 1381 2517 Angelus
1419 2477 1514 2518 pater
1549 2477 1622 2507 tuus
1659 2472 1851 2507 Canonicus
1889 2473 2068 2517 l'ragensis

179 2531 299 2574 suerat„
331 2535 481 2577 tempore
511 2544 576 2578 quo
606 2537 637 2567 te
666 2537 842 2578 genuen-au
874 2537 904 2567 et
935 2536 965 2566 in
996 2532 1258 2567 subdiaconatus
1287 2533 1406 2568 ordine
1436 2537 1645 2569 constitutus.
1670 2534 1847 2568 admittere
1871 2534 2072 2580 postulatio-

180 2604 257 2627 nem
287 2592 473 2627 liuiusmodi
503 2597 685 2629 recusavit.
718 2595 868 2640 Cumque
898 2599 928 2628 tu
960 2594 1181 2641 postmodum.
1216 2595 1304 2640 quod
1339 2596 1462 2630 nullum
1497 2596 1679 2643 patiebaris
1713 2595 1878 2629 desectum
1914 2597 2071 2630 natalium

178 2657 385 2689 asseritis-ses
415 2667 529 2689 coram
565 2655 734 2703 Episcopo
769 2656 973 2703 supradicto.
1009 2667 1083 2690 cnm
1122 2656 1228 2691 dictus
1257 2657 1412 2703 Angelus
1442 2663 1621 2703 antequam
1652 2658 1893 2691 canonicatum
1925 2663 1954 2692 et
1986 2670 2068 2704 pre-

179 2716 321 2750 bendam
353 2719 384 2750 in
416 2716 501 2751 dicta
533 2716 695 2762 l’ragensi
725 2718 870 2752 ecclesia
901 2723 1076 2752 assecutus
1106 2717 1234 2753 suisset.
1266 2724 1296 2753 et
1327 2720 1588 2754 subdiaconatus
1626 2722 1810 2765 recepisset
1846 2720 2009 2754 ordinem.
2041 2725 2071 2754 te

1818 2781 1861 2808 o*
