<?xml version="1.0" encoding="UTF-8"?>
<!DOCTYPE html PUBLIC "-//W3C//DTD XHTML 1.0 Transitional//EN"
    "http://www.w3.org/TR/xhtml1/DTD/xhtml1-transitional.dtd">
<html xmlns="http://www.w3.org/1999/xhtml" xml:lang="en" lang="en">
 <head>
  <title>
</title>
<meta http-equiv="Content-Type" content="text/html;charset=utf-8" />
  <meta name='ocr-system' content='tesseract 3.04.00' />
  <meta name='ocr-capabilities' content='ocr_page ocr_carea ocr_par ocr_line ocrx_word'/>
</head>
<body>
  <div class='ocr_page' id='page_1' title='image "./codexdiplomaticu06morauoft_0387.png"; bbox 0 0 2341 3005; ppageno 0'>
   <div class='ocr_carea' id='block_1_1' title="bbox 958 150 1149 207">
    <p class='ocr_par' dir='ltr' id='par_1_1' title="bbox 958 150 1149 207">
     <span class='ocr_line' id='line_1_1' title="bbox 958 150 1149 207; baseline 0 0"><span class='ocrx_word' id='word_1_1' title='bbox 958 150 1149 207; x_wconf 12' lang='lat' dir='ltr'>ren—315</span> 
     </span>
    </p>
   </div>
   <div class='ocr_carea' id='block_1_2' title="bbox 1114 204 1196 207">
    <p class='ocr_par' dir='ltr' id='par_1_2' title="bbox 1114 204 1196 207">
     <span class='ocr_line' id='line_1_2' title="bbox 1114 204 1196 207; baseline 0 0"><span class='ocrx_word' id='word_1_2' title='bbox 1114 204 1196 207; x_wconf 95' lang='lat' dir='ltr'> </span> 
     </span>
    </p>
   </div>
   <div class='ocr_carea' id='block_1_3' title="bbox 166 328 2055 435">
    <p class='ocr_par' dir='ltr' id='par_1_3' title="bbox 166 328 2055 435">
     <span class='ocr_line' id='line_1_3' title="bbox 166 328 2055 377; baseline 0.002 -14"><span class='ocrx_word' id='word_1_3' title='bbox 166 329 291 373; x_wconf 72' lang='lat' dir='ltr'>Hinco,</span> <span class='ocrx_word' id='word_1_4' title='bbox 321 330 503 374; x_wconf 74' lang='lat' dir='ltr'>episcopas</span> <span class='ocrx_word' id='word_1_5' title='bbox 529 328 956 371; x_wconf 65' lang='lat' dir='ltr'>Olomuceusis,&#39;coneedit</span> <span class='ocrx_word' id='word_1_6' title='bbox 977 329 1269 363; x_wconf 69' lang='lat' dir='ltr'><em>constructionem</em></span> <span class='ocrx_word' id='word_1_7' title='bbox 1288 330 1370 363; x_wconf 63' lang='lat' dir='ltr'>not-0·</span> <span class='ocrx_word' id='word_1_8' title='bbox 1390 331 1544 364; x_wconf 73' lang='lat' dir='ltr'>oratorii</span> <span class='ocrx_word' id='word_1_9' title='bbox 1562 332 1595 365; x_wconf 79' lang='lat' dir='ltr'>z‘n</span> <span class='ocrx_word' id='word_1_10' title='bbox 1616 331 1701 366; x_wconf 60' lang='lat' dir='ltr'>villa</span> <span class='ocrx_word' id='word_1_11' title='bbox 1722 331 1896 377; x_wconf 77' lang='lat' dir='ltr'>Rajlerad.</span> <span class='ocrx_word' id='word_1_12' title='bbox 1927 332 2055 367; x_wconf 75' lang='lat' dir='ltr'>Dolum</span> 
     </span>
     <span class='ocr_line' id='line_1_4' title="bbox 751 390 1466 435; baseline 0.003 -11"><span class='ocrx_word' id='word_1_13' title='bbox 751 390 880 435; x_wconf 65' lang='lat' dir='ltr'>Progne</span> <span class='ocrx_word' id='word_1_14' title='bbox 909 390 977 425; x_wconf 89' lang='lat' dir='ltr'><em>III.</em></span> <span class='ocrx_word' id='word_1_15' title='bbox 1008 390 1088 425; x_wconf 76' lang='lat' dir='ltr'>Idus</span> <span class='ocrx_word' id='word_1_16' title='bbox 1117 390 1323 424; x_wconf 66' lang='lat' dir='ltr'>Novembris</span> <span class='ocrx_word' id='word_1_17' title='bbox 1353 390 1466 426; x_wconf 83' lang='lat'><strong><em>1330.</em></strong></span> 
     </span>
    </p>
   </div>
   <div class='ocr_carea' id='block_1_4' title="bbox 159 450 2059 1630">
    <p class='ocr_par' dir='ltr' id='par_1_4' title="bbox 159 450 2059 1630">
     <span class='ocr_line' id='line_1_5' title="bbox 340 450 2056 518; baseline 0.002 -13"><span class='ocrx_word' id='word_1_18' title='bbox 340 450 472 505; x_wconf 78' lang='lat' dir='ltr'>Hiuco</span> <span class='ocrx_word' id='word_1_19' title='bbox 515 470 567 505; x_wconf 92' lang='lat' dir='ltr'>dei</span> <span class='ocrx_word' id='word_1_20' title='bbox 606 454 657 505; x_wconf 85' lang='lat' dir='ltr'>et¹</span> <span class='ocrx_word' id='word_1_21' title='bbox 680 469 863 516; x_wconf 88' lang='lat' dir='ltr'>apostolice</span> <span class='ocrx_word' id='word_1_22' title='bbox 899 470 989 504; x_wconf 85' lang='lat' dir='ltr'>sedis</span> <span class='ocrx_word' id='word_1_23' title='bbox 1031 473 1148 515; x_wconf 77' lang='lat' dir='ltr'>gracia</span> <span class='ocrx_word' id='word_1_24' title='bbox 1186 470 1423 505; x_wconf 85' lang='lat' dir='ltr'>Olomueensis</span> <span class='ocrx_word' id='word_1_25' title='bbox 1459 471 1669 518; x_wconf 65' lang='lat' dir='ltr'>Episcopus„</span> <span class='ocrx_word' id='word_1_26' title='bbox 1714 472 1891 509; x_wconf 70' lang='lat' dir='ltr'>Vniuersis</span> <span class='ocrx_word' id='word_1_27' title='bbox 1935 473 2056 509; x_wconf 80' lang='lat' dir='ltr'>Christi</span> 
     </span>
     <span class='ocr_line' id='line_1_6' title="bbox 164 531 2057 580; baseline 0.002 -14"><span class='ocrx_word' id='word_1_28' title='bbox 164 531 327 577; x_wconf 60' lang='lat' dir='ltr'>fidelibus⁷</span> <span class='ocrx_word' id='word_1_29' title='bbox 359 533 478 580; x_wconf 87' lang='lat' dir='ltr'>quibus</span> <span class='ocrx_word' id='word_1_30' title='bbox 507 537 682 579; x_wconf 80' lang='lat' dir='ltr'><strong>presentes</strong></span> <span class='ocrx_word' id='word_1_31' title='bbox 713 531 863 565; x_wconf 82' lang='lat' dir='ltr'>exhibite</span> <span class='ocrx_word' id='word_1_32' title='bbox 886 531 1020 571; x_wconf 63' lang='lat' dir='ltr'>fuerint.</span> <span class='ocrx_word' id='word_1_33' title='bbox 1050 532 1191 567; x_wconf 87' lang='lat' dir='ltr'>salutem</span> <span class='ocrx_word' id='word_1_34' title='bbox 1218 535 1251 566; x_wconf 88' lang='lat' dir='ltr'>in</span> <span class='ocrx_word' id='word_1_35' title='bbox 1281 532 1416 567; x_wconf 79' lang='lat' dir='ltr'>dommo</span> <span class='ocrx_word' id='word_1_36' title='bbox 1439 536 1689 580; x_wconf 87' lang='lat' dir='ltr'>sempiternam.</span> <span class='ocrx_word' id='word_1_37' title='bbox 1721 534 1932 580; x_wconf 80' lang='lat' dir='ltr'>Signilicauit</span> <span class='ocrx_word' id='word_1_38' title='bbox 1959 535 2057 571; x_wconf 91' lang='lat' dir='ltr'>nobis</span> 
     </span>
     <span class='ocr_line' id='line_1_7' title="bbox 163 593 2057 643; baseline 0.002 -15"><span class='ocrx_word' id='word_1_39' title='bbox 163 593 370 629; x_wconf 87' lang='lat' dir='ltr'>honorabilis</span> <span class='ocrx_word' id='word_1_40' title='bbox 413 598 445 628; x_wconf 90' lang='lat' dir='ltr'>et</span> <span class='ocrx_word' id='word_1_41' title='bbox 486 594 665 639; x_wconf 79' lang='lat' dir='ltr'>religiosus</span> <span class='ocrx_word' id='word_1_42' title='bbox 706 596 761 627; x_wconf 75' lang='lat' dir='ltr'>vir</span> <span class='ocrx_word' id='word_1_43' title='bbox 801 593 906 627; x_wconf 88' lang='lat' dir='ltr'>frater</span> <span class='ocrx_word' id='word_1_44' title='bbox 947 594 1100 628; x_wconf 85' lang='lat' dir='ltr'>Bauarus</span> <span class='ocrx_word' id='word_1_45' title='bbox 1142 593 1247 629; x_wconf 83' lang='lat' dir='ltr'>abbas</span> <span class='ocrx_word' id='word_1_46' title='bbox 1289 596 1484 640; x_wconf 87' lang='lat' dir='ltr'>monasterij</span> <span class='ocrx_word' id='word_1_47' title='bbox 1528 595 1829 639; x_wconf 53' lang='lat' dir='ltr'>Brewnouiensis„</span> <span class='ocrx_word' id='word_1_48' title='bbox 1873 597 2057 643; x_wconf 77' lang='lat' dir='ltr'>Pragensis</span> 
     </span>
     <span class='ocr_line' id='line_1_8' title="bbox 164 655 2056 705; baseline 0.002 -15"><span class='ocrx_word' id='word_1_49' title='bbox 164 655 335 703; x_wconf 64' lang='lat' dir='ltr'>dyocesis,</span> <span class='ocrx_word' id='word_1_50' title='bbox 372 655 460 701; x_wconf 86' lang='lat' dir='ltr'>quod</span> <span class='ocrx_word' id='word_1_51' title='bbox 497 655 650 690; x_wconf 89' lang='lat' dir='ltr'>homines</span> <span class='ocrx_word' id='word_1_52' title='bbox 678 655 758 689; x_wconf 86' lang='lat' dir='ltr'>ville</span> <span class='ocrx_word' id='word_1_53' title='bbox 787 666 847 689; x_wconf 85' lang='lat' dir='ltr'>sue</span> <span class='ocrx_word' id='word_1_54' title='bbox 888 655 1035 690; x_wconf 88' lang='lat' dir='ltr'>forensis</span> <span class='ocrx_word' id='word_1_55' title='bbox 1064 656 1150 690; x_wconf 86' lang='lat' dir='ltr'>dicte</span> <span class='ocrx_word' id='word_1_56' title='bbox 1186 655 1347 703; x_wconf 66' lang='lat' dir='ltr'>Rayhrad</span> <span class='ocrx_word' id='word_1_57' title='bbox 1390 659 1505 703; x_wconf 87' lang='lat' dir='ltr'>sepius</span> <span class='ocrx_word' id='word_1_58' title='bbox 1542 662 1680 704; x_wconf 84' lang='lat' dir='ltr'>propter</span> <span class='ocrx_word' id='word_1_59' title='bbox 1721 657 1859 693; x_wconf 87' lang='lat' dir='ltr'>crebras</span> <span class='ocrx_word' id='word_1_60' title='bbox 1895 671 2056 705; x_wconf 90' lang='lat' dir='ltr'>aquarum</span> 
     </span>
     <span class='ocr_line' id='line_1_9' title="bbox 163 717 2056 767; baseline 0.002 -15"><span class='ocrx_word' id='word_1_61' title='bbox 163 717 407 752; x_wconf 79' lang='lat' dir='ltr'>inundaciones</span> <span class='ocrx_word' id='word_1_62' title='bbox 436 717 567 763; x_wconf 88' lang='lat' dir='ltr'>aliaque</span> <span class='ocrx_word' id='word_1_63' title='bbox 596 719 692 751; x_wconf 88' lang='lat' dir='ltr'>varia</span> <span class='ocrx_word' id='word_1_64' title='bbox 718 717 968 764; x_wconf 65' lang='lat' dir='ltr'>impedimenta,</span> <span class='ocrx_word' id='word_1_65' title='bbox 998 721 1240 752; x_wconf 88' lang='lat' dir='ltr'>monasterium</span> <span class='ocrx_word' id='word_1_66' title='bbox 1270 718 1391 752; x_wconf 89' lang='lat' dir='ltr'>dictum</span> <span class='ocrx_word' id='word_1_67' title='bbox 1416 718 1589 765; x_wconf 67' lang='lat' dir='ltr'>Rayhrad„</span> <span class='ocrx_word' id='word_1_68' title='bbox 1620 724 1736 754; x_wconf 88' lang='lat' dir='ltr'>nostre</span> <span class='ocrx_word' id='word_1_69' title='bbox 1762 719 1932 767; x_wconf 66' lang='lat' dir='ltr'>dyocesis,</span> <span class='ocrx_word' id='word_1_70' title='bbox 1962 724 2056 756; x_wconf 88' lang='lat' dir='ltr'>cuius</span> 
     </span>
     <span class='ocr_line' id='line_1_10' title="bbox 163 778 2053 827; baseline 0.002 -14"><span class='ocrx_word' id='word_1_71' title='bbox 163 779 251 814; x_wconf 90' lang='lat' dir='ltr'>idem</span> <span class='ocrx_word' id='word_1_72' title='bbox 280 779 384 814; x_wconf 90' lang='lat' dir='ltr'>abbas</span> <span class='ocrx_word' id='word_1_73' title='bbox 412 778 620 825; x_wconf 85' lang='lat' dir='ltr'>gubernator</span> <span class='ocrx_word' id='word_1_74' title='bbox 649 783 699 813; x_wconf 86' lang='lat' dir='ltr'>est</span> <span class='ocrx_word' id='word_1_75' title='bbox 727 783 760 813; x_wconf 89' lang='lat' dir='ltr'>et</span> <span class='ocrx_word' id='word_1_76' title='bbox 789 779 953 823; x_wconf 60' lang='lat' dir='ltr'>dominus„</span> <span class='ocrx_word' id='word_1_77' title='bbox 991 779 1079 826; x_wconf 88' lang='lat' dir='ltr'>quod</span> <span class='ocrx_word' id='word_1_78' title='bbox 1108 791 1168 827; x_wconf 93' lang='lat' dir='ltr'>pro</span> <span class='ocrx_word' id='word_1_79' title='bbox 1198 780 1318 815; x_wconf 89' lang='lat' dir='ltr'>diuinis</span> <span class='ocrx_word' id='word_1_80' title='bbox 1348 780 1523 815; x_wconf 89' lang='lat' dir='ltr'>audiendis</span> <span class='ocrx_word' id='word_1_81' title='bbox 1553 780 1673 826; x_wconf 84' lang='lat' dir='ltr'>oflicijs</span> <span class='ocrx_word' id='word_1_82' title='bbox 1709 781 1851 816; x_wconf 73' lang='lat' dir='ltr'>vilicare</span> <span class='ocrx_word' id='word_1_83' title='bbox 1887 786 2053 827; x_wconf 61' lang='lat' dir='ltr'>tenentur,</span> 
     </span>
     <span class='ocr_line' id='line_1_11' title="bbox 161 841 2055 890; baseline 0.002 -14"><span class='ocrx_word' id='word_1_84' title='bbox 161 845 195 876; x_wconf 85' lang='lat' dir='ltr'>et</span> <span class='ocrx_word' id='word_1_85' title='bbox 223 852 269 876; x_wconf 82' lang='lat' dir='ltr'>ex</span> <span class='ocrx_word' id='word_1_86' title='bbox 297 841 419 885; x_wconf 76' lang='lat' dir='ltr'>debito,</span> <span class='ocrx_word' id='word_1_87' title='bbox 448 843 534 876; x_wconf 86' lang='lat' dir='ltr'>sicut</span> <span class='ocrx_word' id='word_1_88' title='bbox 562 841 661 885; x_wconf 68' lang='lat' dir='ltr'>soliti,</span> <span class='ocrx_word' id='word_1_89' title='bbox 691 843 843 885; x_wconf 71' lang='lat' dir='ltr'>visitare,</span> <span class='ocrx_word' id='word_1_90' title='bbox 873 845 909 876; x_wconf 84' lang='lat' dir='ltr'>vt</span> <span class='ocrx_word' id='word_1_91' title='bbox 936 842 1073 886; x_wconf 61' lang='lat' dir='ltr'>vellent7</span> <span class='ocrx_word' id='word_1_92' title='bbox 1103 854 1148 876; x_wconf 78' lang='lat' dir='ltr'>ex</span> <span class='ocrx_word' id='word_1_93' title='bbox 1178 853 1280 876; x_wconf 88' lang='lat' dir='ltr'>causa</span> <span class='ocrx_word' id='word_1_94' title='bbox 1316 842 1466 889; x_wconf 88' lang='lat' dir='ltr'>predicta</span> <span class='ocrx_word' id='word_1_95' title='bbox 1496 854 1563 877; x_wconf 89' lang='lat' dir='ltr'>non</span> <span class='ocrx_word' id='word_1_96' title='bbox 1592 848 1741 890; x_wconf 66' lang='lat' dir='ltr'>possent,</span> <span class='ocrx_word' id='word_1_97' title='bbox 1781 855 1846 878; x_wconf 89' lang='lat' dir='ltr'>nec</span> <span class='ocrx_word' id='word_1_98' title='bbox 1882 844 2055 880; x_wconf 78' lang='lat' dir='ltr'>auderent.</span> 
     </span>
     <span class='ocr_line' id='line_1_12' title="bbox 162 902 2055 952; baseline 0.003 -16"><span class='ocrx_word' id='word_1_99' title='bbox 162 907 196 937; x_wconf 87' lang='lat' dir='ltr'>et</span> <span class='ocrx_word' id='word_1_100' title='bbox 228 914 290 950; x_wconf 89' lang='lat' dir='ltr'>per</span> <span class='ocrx_word' id='word_1_101' title='bbox 323 902 387 937; x_wconf 90' lang='lat' dir='ltr'>hoc</span> <span class='ocrx_word' id='word_1_102' title='bbox 421 905 503 949; x_wconf 88' lang='lat' dir='ltr'>ipsis</span> <span class='ocrx_word' id='word_1_103' title='bbox 537 913 606 937; x_wconf 90' lang='lat' dir='ltr'>non</span> <span class='ocrx_word' id='word_1_104' title='bbox 642 902 810 937; x_wconf 88' lang='lat' dir='ltr'>modicum</span> <span class='ocrx_word' id='word_1_105' title='bbox 845 905 932 937; x_wconf 86' lang='lat' dir='ltr'>inest</span> <span class='ocrx_word' id='word_1_106' title='bbox 959 904 1143 950; x_wconf 89' lang='lat' dir='ltr'>periculum</span> <span class='ocrx_word' id='word_1_107' title='bbox 1178 907 1381 949; x_wconf 60' lang='lat' dir='ltr'>animaruim</span> <span class='ocrx_word' id='word_1_108' title='bbox 1418 909 1555 951; x_wconf 73' lang='lat' dir='ltr'>petens,</span> <span class='ocrx_word' id='word_1_109' title='bbox 1593 909 1629 939; x_wconf 80' lang='lat' dir='ltr'>vt</span> <span class='ocrx_word' id='word_1_110' title='bbox 1664 908 1746 952; x_wconf 89' lang='lat' dir='ltr'>ipsis</span> <span class='ocrx_word' id='word_1_111' title='bbox 1782 917 1883 952; x_wconf 89' lang='lat' dir='ltr'>super</span> <span class='ocrx_word' id='word_1_112' title='bbox 1919 906 1982 940; x_wconf 91' lang='lat' dir='ltr'>hoc</span> <span class='ocrx_word' id='word_1_113' title='bbox 2011 918 2055 941; x_wconf 77' lang='lat' dir='ltr'>ex</span> 
     </span>
     <span class='ocr_line' id='line_1_13' title="bbox 161 964 2057 1014; baseline 0.002 -15"><span class='ocrx_word' id='word_1_114' title='bbox 161 964 264 999; x_wconf 87' lang='lat' dir='ltr'>officii</span> <span class='ocrx_word' id='word_1_115' title='bbox 291 967 397 1000; x_wconf 82' lang='lat' dir='ltr'>nostri</span> <span class='ocrx_word' id='word_1_116' title='bbox 425 964 536 999; x_wconf 88' lang='lat' dir='ltr'>debito</span> <span class='ocrx_word' id='word_1_117' title='bbox 565 964 744 1011; x_wconf 89' lang='lat' dir='ltr'>prouidere</span> <span class='ocrx_word' id='word_1_118' title='bbox 774 965 1002 1011; x_wconf 82' lang='lat' dir='ltr'>dignaremur.</span> <span class='ocrx_word' id='word_1_119' title='bbox 1046 965 1116 1001; x_wconf 81' lang='lat' dir='ltr'>Nos</span> <span class='ocrx_word' id='word_1_120' title='bbox 1152 978 1236 1001; x_wconf 79' lang='lat' dir='ltr'>vero</span> <span class='ocrx_word' id='word_1_121' title='bbox 1266 966 1362 1001; x_wconf 89' lang='lat' dir='ltr'>saluti</span> <span class='ocrx_word' id='word_1_122' title='bbox 1392 966 1537 1001; x_wconf 88' lang='lat' dir='ltr'>fidelium</span> <span class='ocrx_word' id='word_1_123' title='bbox 1572 967 1798 1013; x_wconf 85' lang='lat' dir='ltr'>predictorum</span> <span class='ocrx_word' id='word_1_124' title='bbox 1828 970 1861 1002; x_wconf 89' lang='lat' dir='ltr'>in</span> <span class='ocrx_word' id='word_1_125' title='bbox 1898 973 2057 1014; x_wconf 84' lang='lat' dir='ltr'>quantum</span> 
     </span>
     <span class='ocr_line' id='line_1_14' title="bbox 162 1026 2057 1075; baseline 0.002 -14"><span class='ocrx_word' id='word_1_126' title='bbox 162 1029 195 1061; x_wconf 91' lang='lat' dir='ltr'>in</span> <span class='ocrx_word' id='word_1_127' title='bbox 236 1026 333 1061; x_wconf 90' lang='lat' dir='ltr'>nobis</span> <span class='ocrx_word' id='word_1_128' title='bbox 368 1031 436 1071; x_wconf 76' lang='lat' dir='ltr'>est,</span> <span class='ocrx_word' id='word_1_129' title='bbox 479 1038 681 1062; x_wconf 80' lang='lat' dir='ltr'>succurrere</span> <span class='ocrx_word' id='word_1_130' title='bbox 709 1029 902 1074; x_wconf 72' lang='lat' dir='ltr'>cupientes,</span> <span class='ocrx_word' id='word_1_131' title='bbox 946 1032 978 1062; x_wconf 86' lang='lat' dir='ltr'>et</span> <span class='ocrx_word' id='word_1_132' title='bbox 1015 1028 1056 1062; x_wconf 89' lang='lat' dir='ltr'>ad</span> <span class='ocrx_word' id='word_1_133' title='bbox 1084 1039 1244 1074; x_wconf 73' lang='lat' dir='ltr'>magnam</span> <span class='ocrx_word' id='word_1_134' title='bbox 1286 1028 1426 1075; x_wconf 83' lang='lat' dir='ltr'>predicti</span> <span class='ocrx_word' id='word_1_135' title='bbox 1456 1028 1599 1064; x_wconf 89' lang='lat' dir='ltr'>Abbatis</span> <span class='ocrx_word' id='word_1_136' title='bbox 1638 1032 1856 1074; x_wconf 53' lang='lat' dir='ltr'>instanciam„</span> <span class='ocrx_word' id='word_1_137' title='bbox 1900 1029 2057 1064; x_wconf 86' lang='lat' dir='ltr'>beniuole</span> 
     </span>
     <span class='ocr_line' id='line_1_15' title="bbox 161 1088 2054 1137; baseline 0.002 -14"><span class='ocrx_word' id='word_1_138' title='bbox 161 1088 362 1123; x_wconf 84' lang='lat' dir='ltr'>admittimus</span> <span class='ocrx_word' id='word_1_139' title='bbox 398 1093 431 1123; x_wconf 88' lang='lat' dir='ltr'>et</span> <span class='ocrx_word' id='word_1_140' title='bbox 459 1088 687 1133; x_wconf 78' lang='lat' dir='ltr'>concedimus,</span> <span class='ocrx_word' id='word_1_141' title='bbox 723 1093 761 1124; x_wconf 85' lang='lat' dir='ltr'>vt</span> <span class='ocrx_word' id='word_1_142' title='bbox 790 1091 822 1123; x_wconf 89' lang='lat' dir='ltr'>in</span> <span class='ocrx_word' id='word_1_143' title='bbox 850 1089 929 1124; x_wconf 86' lang='lat' dir='ltr'>villa</span> <span class='ocrx_word' id='word_1_144' title='bbox 965 1090 1113 1136; x_wconf 89' lang='lat' dir='ltr'>predicta</span> <span class='ocrx_word' id='word_1_145' title='bbox 1143 1090 1305 1137; x_wconf 63' lang='lat' dir='ltr'>Rayhrad</span> <span class='ocrx_word' id='word_1_146' title='bbox 1338 1102 1443 1126; x_wconf 89' lang='lat' dir='ltr'>vnum</span> <span class='ocrx_word' id='word_1_147' title='bbox 1476 1091 1532 1126; x_wconf 85' lang='lat' dir='ltr'>fiat</span> <span class='ocrx_word' id='word_1_148' title='bbox 1560 1096 1592 1126; x_wconf 88' lang='lat' dir='ltr'>et</span> <span class='ocrx_word' id='word_1_149' title='bbox 1620 1096 1836 1126; x_wconf 86' lang='lat' dir='ltr'>construatur</span> <span class='ocrx_word' id='word_1_150' title='bbox 1865 1091 2054 1126; x_wconf 90' lang='lat' dir='ltr'>Oratorium</span> 
     </span>
     <span class='ocr_line' id='line_1_16' title="bbox 159 1150 2053 1201; baseline 0.002 -17"><span class='ocrx_word' id='word_1_151' title='bbox 159 1152 194 1185; x_wconf 89' lang='lat' dir='ltr'>in</span> <span class='ocrx_word' id='word_1_152' title='bbox 231 1161 297 1197; x_wconf 86' lang='lat' dir='ltr'>quo</span> <span class='ocrx_word' id='word_1_153' title='bbox 339 1150 491 1185; x_wconf 90' lang='lat' dir='ltr'>fidelibus</span> <span class='ocrx_word' id='word_1_154' title='bbox 521 1150 644 1185; x_wconf 83' lang='lat' dir='ltr'>Christi</span> <span class='ocrx_word' id='word_1_155' title='bbox 673 1150 717 1185; x_wconf 92' lang='lat' dir='ltr'>ibi</span> <span class='ocrx_word' id='word_1_156' title='bbox 760 1151 1039 1186; x_wconf 83' lang='lat' dir='ltr'>concurrentibus</span> <span class='ocrx_word' id='word_1_157' title='bbox 1076 1157 1109 1186; x_wconf 86' lang='lat' dir='ltr'>et</span> <span class='ocrx_word' id='word_1_158' title='bbox 1149 1152 1307 1199; x_wconf 83' lang='lat' dir='ltr'>predictis</span> <span class='ocrx_word' id='word_1_159' title='bbox 1336 1152 1542 1191; x_wconf 54' lang='lat' dir='ltr'>hominibusq</span> <span class='ocrx_word' id='word_1_160' title='bbox 1586 1156 1641 1200; x_wconf 84' lang='lat' dir='ltr'>qui</span> <span class='ocrx_word' id='word_1_161' title='bbox 1676 1157 1917 1188; x_wconf 89' lang='lat' dir='ltr'>monasterium</span> <span class='ocrx_word' id='word_1_162' title='bbox 1947 1157 2053 1201; x_wconf 87' lang='lat' dir='ltr'>ipsum</span> 
     </span>
     <span class='ocr_line' id='line_1_17' title="bbox 160 1212 2057 1263; baseline 0.002 -16"><span class='ocrx_word' id='word_1_163' title='bbox 160 1212 334 1259; x_wconf 73' lang='lat' dir='ltr'>Rayhrad,</span> <span class='ocrx_word' id='word_1_164' title='bbox 364 1217 399 1247; x_wconf 82' lang='lat' dir='ltr'>ut</span> <span class='ocrx_word' id='word_1_165' title='bbox 425 1215 636 1259; x_wconf 75' lang='lat' dir='ltr'>premittitur,</span> <span class='ocrx_word' id='word_1_166' title='bbox 666 1215 806 1248; x_wconf 80' lang='lat' dir='ltr'>visitare</span> <span class='ocrx_word' id='word_1_167' title='bbox 834 1225 902 1248; x_wconf 90' lang='lat' dir='ltr'>non</span> <span class='ocrx_word' id='word_1_168' title='bbox 932 1218 1090 1260; x_wconf 84' lang='lat' dir='ltr'>possunt.</span> <span class='ocrx_word' id='word_1_169' title='bbox 1121 1214 1233 1248; x_wconf 84' lang='lat' dir='ltr'>diuina</span> <span class='ocrx_word' id='word_1_170' title='bbox 1263 1219 1408 1261; x_wconf 79' lang='lat' dir='ltr'>agantur</span> <span class='ocrx_word' id='word_1_171' title='bbox 1436 1215 1560 1250; x_wconf 86' lang='lat' dir='ltr'>officia.</span> <span class='ocrx_word' id='word_1_172' title='bbox 1591 1220 1623 1250; x_wconf 81' lang='lat' dir='ltr'>et</span> <span class='ocrx_word' id='word_1_173' title='bbox 1654 1216 1718 1250; x_wconf 92' lang='lat' dir='ltr'>alia</span> <span class='ocrx_word' id='word_1_174' title='bbox 1747 1227 1808 1263; x_wconf 90' lang='lat' dir='ltr'>pro</span> <span class='ocrx_word' id='word_1_175' title='bbox 1838 1216 1944 1250; x_wconf 89' lang='lat' dir='ltr'>salute</span> <span class='ocrx_word' id='word_1_176' title='bbox 1974 1228 2057 1263; x_wconf 87' lang='lat' dir='ltr'>pre-</span> 
     </span>
     <span class='ocr_line' id='line_1_18' title="bbox 160 1273 2056 1324; baseline 0.002 -16"><span class='ocrx_word' id='word_1_177' title='bbox 160 1274 322 1309; x_wconf 79' lang='lat' dir='ltr'>dictorum</span> <span class='ocrx_word' id='word_1_178' title='bbox 351 1273 534 1319; x_wconf 81' lang='lat' dir='ltr'>hominum,</span> <span class='ocrx_word' id='word_1_179' title='bbox 578 1279 611 1310; x_wconf 85' lang='lat' dir='ltr'>et</span> <span class='ocrx_word' id='word_1_180' title='bbox 639 1275 779 1310; x_wconf 88' lang='lat' dir='ltr'>aliorum</span> <span class='ocrx_word' id='word_1_181' title='bbox 816 1274 962 1310; x_wconf 87' lang='lat' dir='ltr'>fidelium</span> <span class='ocrx_word' id='word_1_182' title='bbox 992 1275 1138 1310; x_wconf 89' lang='lat' dir='ltr'>salubr1a</span> <span class='ocrx_word' id='word_1_183' title='bbox 1184 1281 1411 1312; x_wconf 81' lang='lat' dir='ltr'>exerceantur</span> <span class='ocrx_word' id='word_1_184' title='bbox 1445 1288 1549 1324; x_wconf 90' lang='lat' dir='ltr'>opera</span> <span class='ocrx_word' id='word_1_185' title='bbox 1579 1280 1611 1311; x_wconf 90' lang='lat' dir='ltr'>in</span> <span class='ocrx_word' id='word_1_186' title='bbox 1648 1278 1779 1312; x_wconf 83' lang='lat' dir='ltr'>eodem.</span> <span class='ocrx_word' id='word_1_187' title='bbox 1824 1277 1860 1312; x_wconf 90' lang='lat' dir='ltr'>In</span> <span class='ocrx_word' id='word_1_188' title='bbox 1890 1278 2056 1312; x_wconf 87' lang='lat' dir='ltr'>cumulum</span> 
     </span>
     <span class='ocr_line' id='line_1_19' title="bbox 160 1336 2059 1387; baseline 0.003 -17"><span class='ocrx_word' id='word_1_189' title='bbox 160 1337 331 1384; x_wconf 89' lang='lat' dir='ltr'>amplioris</span> <span class='ocrx_word' id='word_1_190' title='bbox 368 1339 484 1383; x_wconf 84' lang='lat' dir='ltr'>gracie</span> <span class='ocrx_word' id='word_1_191' title='bbox 526 1338 559 1371; x_wconf 85' lang='lat' dir='ltr'>&#39;et</span> <span class='ocrx_word' id='word_1_192' title='bbox 593 1341 628 1371; x_wconf 86' lang='lat' dir='ltr'>ut</span> <span class='ocrx_word' id='word_1_193' title='bbox 669 1337 765 1372; x_wconf 85' lang='lat' dir='ltr'>saluti</span> <span class='ocrx_word' id='word_1_194' title='bbox 803 1336 949 1372; x_wconf 84' lang='lat' dir='ltr'>fidelium</span> <span class='ocrx_word' id='word_1_195' title='bbox 991 1337 1155 1373; x_wconf 85' lang='lat' dir='ltr'>salubrius</span> <span class='ocrx_word' id='word_1_196' title='bbox 1191 1338 1403 1383; x_wconf 67' lang='lat' dir='ltr'>consulatur,</span> <span class='ocrx_word' id='word_1_197' title='bbox 1448 1339 1602 1374; x_wconf 89' lang='lat' dir='ltr'>omnibus</span> <span class='ocrx_word' id='word_1_198' title='bbox 1638 1351 1721 1375; x_wconf 87' lang='lat' dir='ltr'>vere</span> <span class='ocrx_word' id='word_1_199' title='bbox 1764 1340 1991 1387; x_wconf 85' lang='lat' dir='ltr'>penitentibus</span> <span class='ocrx_word' id='word_1_200' title='bbox 2026 1345 2059 1375; x_wconf 92' lang='lat' dir='ltr'>et</span> 
     </span>
     <span class='ocr_line' id='line_1_20' title="bbox 160 1398 2058 1448; baseline 0.003 -16"><span class='ocrx_word' id='word_1_201' title='bbox 160 1398 349 1443; x_wconf 76' lang='lat' dir='ltr'>confessis,</span> <span class='ocrx_word' id='word_1_202' title='bbox 385 1401 440 1445; x_wconf 86' lang='lat' dir='ltr'>qui</span> <span class='ocrx_word' id='word_1_203' title='bbox 469 1401 502 1433; x_wconf 88' lang='lat' dir='ltr'>in</span> <span class='ocrx_word' id='word_1_204' title='bbox 531 1401 604 1445; x_wconf 90' lang='lat' dir='ltr'>ipso</span> <span class='ocrx_word' id='word_1_205' title='bbox 634 1402 781 1433; x_wconf 88' lang='lat' dir='ltr'>oratorio</span> <span class='ocrx_word' id='word_1_206' title='bbox 810 1402 948 1434; x_wconf 89' lang='lat' dir='ltr'>missam</span> <span class='ocrx_word' id='word_1_207' title='bbox 977 1399 1097 1434; x_wconf 87' lang='lat' dir='ltr'>deuote</span> <span class='ocrx_word' id='word_1_208' title='bbox 1140 1400 1307 1435; x_wconf 84' lang='lat' dir='ltr'>audierint</span> <span class='ocrx_word' id='word_1_209' title='bbox 1341 1412 1402 1436; x_wconf 88' lang='lat' dir='ltr'>seu</span> <span class='ocrx_word' id='word_1_210' title='bbox 1431 1413 1510 1436; x_wconf 90' lang='lat' dir='ltr'>suas</span> <span class='ocrx_word' id='word_1_211' title='bbox 1545 1405 1618 1448; x_wconf 90' lang='lat' dir='ltr'>pias</span> <span class='ocrx_word' id='word_1_212' title='bbox 1649 1402 1854 1437; x_wconf 85' lang='lat' dir='ltr'>elemosinas</span> <span class='ocrx_word' id='word_1_213' title='bbox 1898 1402 1938 1436; x_wconf 86' lang='lat' dir='ltr'>ad</span> <span class='ocrx_word' id='word_1_214' title='bbox 1969 1413 2058 1436; x_wconf 85' lang='lat' dir='ltr'>con-</span> 
     </span>
     <span class='ocr_line' id='line_1_21' title="bbox 160 1460 2055 1510; baseline 0.002 -16"><span class='ocrx_word' id='word_1_215' title='bbox 160 1463 389 1495; x_wconf 85' lang='lat' dir='ltr'>strucciouem</span> <span class='ocrx_word' id='word_1_216' title='bbox 423 1462 526 1508; x_wconf 89' lang='lat' dir='ltr'>ipsius</span> <span class='ocrx_word' id='word_1_217' title='bbox 569 1463 707 1495; x_wconf 86' lang='lat' dir='ltr'>oratorii</span> <span class='ocrx_word' id='word_1_218' title='bbox 734 1460 857 1503; x_wconf 78' lang='lat' dir='ltr'>fuerint</span> <span class='ocrx_word' id='word_1_219' title='bbox 899 1462 1051 1508; x_wconf 73' lang='lat' dir='ltr'>elargiti.</span> <span class='ocrx_word' id='word_1_220' title='bbox 1091 1462 1324 1508; x_wconf 79' lang='lat' dir='ltr'>Quadraginta</span> <span class='ocrx_word' id='word_1_221' title='bbox 1366 1463 1437 1498; x_wconf 91' lang='lat' dir='ltr'>dies</span> <span class='ocrx_word' id='word_1_222' title='bbox 1466 1463 1685 1510; x_wconf 84' lang='lat' dir='ltr'>Indulgencie</span> <span class='ocrx_word' id='word_1_223' title='bbox 1721 1464 1762 1498; x_wconf 92' lang='lat' dir='ltr'>de</span> <span class='ocrx_word' id='word_1_224' title='bbox 1805 1467 1961 1499; x_wconf 86' lang='lat' dir='ltr'>iniunctis</span> <span class='ocrx_word' id='word_1_225' title='bbox 1992 1464 2055 1499; x_wconf 90' lang='lat' dir='ltr'>sibi</span> 
     </span>
     <span class='ocr_line' id='line_1_22' title="bbox 160 1522 2058 1572; baseline 0.002 -16"><span class='ocrx_word' id='word_1_226' title='bbox 160 1524 363 1569; x_wconf 89' lang='lat' dir='ltr'>penitencijs</span> <span class='ocrx_word' id='word_1_227' title='bbox 392 1522 657 1557; x_wconf 87' lang='lat' dir='ltr'>misericorditer</span> <span class='ocrx_word' id='word_1_228' title='bbox 684 1525 717 1557; x_wconf 90' lang='lat' dir='ltr'>in</span> <span class='ocrx_word' id='word_1_229' title='bbox 753 1523 887 1558; x_wconf 91' lang='lat' dir='ltr'>domino</span> <span class='ocrx_word' id='word_1_230' title='bbox 916 1524 1122 1559; x_wconf 81' lang='lat' dir='ltr'>relaxamus.</span> <span class='ocrx_word' id='word_1_231' title='bbox 1162 1524 1290 1559; x_wconf 84' lang='lat' dir='ltr'>Dantcs</span> <span class='ocrx_word' id='word_1_232' title='bbox 1326 1527 1360 1559; x_wconf 90' lang='lat' dir='ltr'>in</span> <span class='ocrx_word' id='word_1_233' title='bbox 1389 1528 1614 1560; x_wconf 89' lang='lat' dir='ltr'>testimonium</span> <span class='ocrx_word' id='word_1_234' title='bbox 1643 1530 1778 1561; x_wconf 86' lang='lat' dir='ltr'>nostras</span> <span class='ocrx_word' id='word_1_235' title='bbox 1810 1526 1924 1561; x_wconf 88' lang='lat' dir='ltr'>literas</span> <span class='ocrx_word' id='word_1_236' title='bbox 1956 1538 2058 1572; x_wconf 79' lang='lat' dir='ltr'>super</span> 
     </span>
     <span class='ocr_line' id='line_1_23' title="bbox 160 1583 1551 1630; baseline 0.003 -12"><span class='ocrx_word' id='word_1_237' title='bbox 160 1595 213 1618; x_wconf 90' lang='lat' dir='ltr'>eo.</span> <span class='ocrx_word' id='word_1_238' title='bbox 244 1583 366 1618; x_wconf 88' lang='lat' dir='ltr'>Datum</span> <span class='ocrx_word' id='word_1_239' title='bbox 394 1584 504 1630; x_wconf 83' lang='lat' dir='ltr'>Prage</span> <span class='ocrx_word' id='word_1_240' title='bbox 534 1596 622 1619; x_wconf 90' lang='lat' dir='ltr'>anno</span> <span class='ocrx_word' id='word_1_241' title='bbox 652 1585 776 1619; x_wconf 90' lang='lat' dir='ltr'>domini</span> <span class='ocrx_word' id='word_1_242' title='bbox 804 1585 1094 1621; x_wconf 49' lang='lat' dir='ltr'>MQGCCQXXL.</span> <span class='ocrx_word' id='word_1_243' title='bbox 1126 1585 1199 1621; x_wconf 89' lang='lat'><em>1110.</em></span> <span class='ocrx_word' id='word_1_244' title='bbox 1230 1586 1307 1621; x_wconf 89' lang='lat' dir='ltr'>Idus</span> <span class='ocrx_word' id='word_1_245' title='bbox 1336 1586 1551 1622; x_wconf 81' lang='lat' dir='ltr'>Novembris.</span> 
     </span>
    </p>
   </div>
   <div class='ocr_carea' id='block_1_5' title="bbox 159 1655 2056 1907">
    <p class='ocr_par' dir='ltr' id='par_1_5' title="bbox 159 1655 2056 1907">
     <span class='ocr_line' id='line_1_24' title="bbox 477 1655 1677 1694; baseline 0.003 -12"><span class='ocrx_word' id='word_1_246' title='bbox 477 1655 566 1691; x_wconf 82' lang='lat' dir='ltr'>(Orig.</span> <span class='ocrx_word' id='word_1_247' title='bbox 593 1657 739 1685; x_wconf 85' lang='lat' dir='ltr'>membran.</span> <span class='ocrx_word' id='word_1_248' title='bbox 766 1666 823 1684; x_wconf 85' lang='lat' dir='ltr'>cuin</span> <span class='ocrx_word' id='word_1_249' title='bbox 847 1657 942 1692; x_wconf 80' lang='lat' dir='ltr'>sigillo</span> <span class='ocrx_word' id='word_1_250' title='bbox 961 1662 1132 1685; x_wconf 63' lang='lat' dir='ltr'>conservato</span> <span class='ocrx_word' id='word_1_251' title='bbox 1157 1658 1182 1685; x_wconf 86' lang='lat' dir='ltr'>iu</span> <span class='ocrx_word' id='word_1_252' title='bbox 1208 1658 1319 1685; x_wconf 83' lang='lat' dir='ltr'>archivo</span> <span class='ocrx_word' id='word_1_253' title='bbox 1346 1659 1467 1694; x_wconf 87' lang='lat' dir='ltr'>ejusdem</span> <span class='ocrx_word' id='word_1_254' title='bbox 1493 1659 1677 1692; x_wconf 85' lang='lat' dir='ltr'>monasterii.)</span> 
     </span>
     <span class='ocr_line' id='line_1_25' title="bbox 159 1796 2056 1845; baseline 0.003 -15"><span class='ocrx_word' id='word_1_255' title='bbox 159 1796 289 1841; x_wconf 77' lang='lat' dir='ltr'>Hinc-o,</span> <span class='ocrx_word' id='word_1_256' title='bbox 326 1798 508 1842; x_wconf 78' lang='lat' dir='ltr'>episeopus</span> <span class='ocrx_word' id='word_1_257' title='bbox 539 1797 790 1841; x_wconf 73' lang='lat' dir='ltr'>Olomuceusis,</span> <span class='ocrx_word' id='word_1_258' title='bbox 827 1800 985 1834; x_wconf 74' lang='lat' dir='ltr'>coneedit</span> <span class='ocrx_word' id='word_1_259' title='bbox 1020 1798 1142 1833; x_wconf 67' lang='lat' dir='ltr'>abbati</span> <span class='ocrx_word' id='word_1_260' title='bbox 1169 1799 1444 1833; x_wconf 70' lang='lat' dir='ltr'>Breumowietzsi</span> <span class='ocrx_word' id='word_1_261' title='bbox 1466 1800 1673 1845; x_wconf 75' lang='lat' dir='ltr'>facultatem</span> <span class='ocrx_word' id='word_1_262' title='bbox 1703 1804 1862 1835; x_wconf 82' lang='lat' dir='ltr'>rectores</span> <span class='ocrx_word' id='word_1_263' title='bbox 1891 1801 2056 1836; x_wconf 76' lang='lat' dir='ltr'>eeclesite</span> 
     </span>
     <span class='ocr_line' id='line_1_26' title="bbox 271 1858 1933 1907; baseline 0.003 -15"><span class='ocrx_word' id='word_1_264' title='bbox 271 1858 512 1904; x_wconf 73' lang='lat' dir='ltr'>parrochialis</span> <span class='ocrx_word' id='word_1_265' title='bbox 541 1860 575 1893; x_wconf 77' lang='lat' dir='ltr'>in</span> <span class='ocrx_word' id='word_1_266' title='bbox 604 1860 768 1905; x_wconf 68' lang='lat' dir='ltr'>Basta-ad</span> <span class='ocrx_word' id='word_1_267' title='bbox 795 1862 1006 1897; x_wconf 70' lang='lat' dir='ltr'>instituemli.</span> <span class='ocrx_word' id='word_1_268' title='bbox 1045 1861 1175 1895; x_wconf 70' lang='lat' dir='ltr'>Datum</span> <span class='ocrx_word' id='word_1_269' title='bbox 1204 1861 1332 1907; x_wconf 72' lang='lat' dir='ltr'>I&#39;ruyoe</span> <span class='ocrx_word' id='word_1_270' title='bbox 1368 1861 1442 1896; x_wconf 61' lang='lat' dir='ltr'><em>VII.</em></span> <span class='ocrx_word' id='word_1_271' title='bbox 1475 1862 1556 1896; x_wconf 79' lang='lat' dir='ltr'>Idus</span> <span class='ocrx_word' id='word_1_272' title='bbox 1584 1862 1790 1897; x_wconf 76' lang='lat' dir='ltr'>Decembris</span> <span class='ocrx_word' id='word_1_273' title='bbox 1820 1862 1933 1897; x_wconf 86' lang='lat'><em>1330.</em></span> 
     </span>
    </p>
   </div>
   <div class='ocr_carea' id='block_1_6' title="bbox 156 1917 2057 2668">
    <p class='ocr_par' dir='ltr' id='par_1_6' title="bbox 156 1917 2057 2668">
     <span class='ocr_line' id='line_1_27' title="bbox 335 1917 2057 1988; baseline 0.003 -16"><span class='ocrx_word' id='word_1_274' title='bbox 335 1917 468 1973; x_wconf 78' lang='lat' dir='ltr'>Hinco</span> <span class='ocrx_word' id='word_1_275' title='bbox 497 1938 550 1974; x_wconf 85' lang='lat' dir='ltr'>dei</span> <span class='ocrx_word' id='word_1_276' title='bbox 579 1943 612 1974; x_wconf 90' lang='lat' dir='ltr'>et</span> <span class='ocrx_word' id='word_1_277' title='bbox 640 1940 824 1986; x_wconf 88' lang='lat' dir='ltr'>apostolice</span> <span class='ocrx_word' id='word_1_278' title='bbox 855 1941 944 1976; x_wconf 90' lang='lat' dir='ltr'>sedis</span> <span class='ocrx_word' id='word_1_279' title='bbox 973 1945 1092 1987; x_wconf 81' lang='lat' dir='ltr'>gracia</span> <span class='ocrx_word' id='word_1_280' title='bbox 1123 1941 1359 1976; x_wconf 77' lang='lat' dir='ltr'>Olonmcensis</span> <span class='ocrx_word' id='word_1_281' title='bbox 1382 1941 1584 1988; x_wconf 55' lang='lat' dir='ltr'>Episcopusq</span> <span class='ocrx_word' id='word_1_282' title='bbox 1616 1942 1812 1977; x_wconf 85' lang='lat' dir='ltr'>Honorabili</span> <span class='ocrx_word' id='word_1_283' title='bbox 1854 1945 1930 1978; x_wconf 86' lang='lat' dir='ltr'>viro</span> <span class='ocrx_word' id='word_1_284' title='bbox 1959 1941 2057 1977; x_wconf 90' lang='lat' dir='ltr'>nobis</span> 
     </span>
     <span class='ocr_line' id='line_1_28' title="bbox 160 1999 2056 2048; baseline 0.002 -14"><span class='ocrx_word' id='word_1_285' title='bbox 160 2003 191 2035; x_wconf 94' lang='lat' dir='ltr'>in</span> <span class='ocrx_word' id='word_1_286' title='bbox 221 1999 354 2035; x_wconf 80' lang='lat' dir='ltr'>Christo</span> <span class='ocrx_word' id='word_1_287' title='bbox 383 2000 476 2035; x_wconf 87' lang='lat' dir='ltr'>fratri</span> <span class='ocrx_word' id='word_1_288' title='bbox 500 2000 634 2045; x_wconf 72' lang='lat' dir='ltr'>dilecto,</span> <span class='ocrx_word' id='word_1_289' title='bbox 664 2002 757 2036; x_wconf 90' lang='lat' dir='ltr'>fratri</span> <span class='ocrx_word' id='word_1_290' title='bbox 778 2002 939 2039; x_wconf 74' lang='lat' dir='ltr'>Bawaro.</span> <span class='ocrx_word' id='word_1_291' title='bbox 969 2003 1095 2038; x_wconf 83' lang='lat' dir='ltr'>Abbati</span> <span class='ocrx_word' id='word_1_292' title='bbox 1123 2003 1321 2038; x_wconf 84' lang='lat' dir='ltr'>Monasterii</span> <span class='ocrx_word' id='word_1_293' title='bbox 1344 2003 1634 2048; x_wconf 56' lang='lat' dir='ltr'>Brewnouiensis„</span> <span class='ocrx_word' id='word_1_294' title='bbox 1665 2004 1792 2039; x_wconf 90' lang='lat' dir='ltr'>ordinis</span> <span class='ocrx_word' id='word_1_295' title='bbox 1809 2007 1916 2039; x_wconf 88' lang='lat' dir='ltr'>sancti</span> <span class='ocrx_word' id='word_1_296' title='bbox 1937 2004 2056 2038; x_wconf 88' lang='lat' dir='ltr'>Beue-</span> 
     </span>
     <span class='ocr_line' id='line_1_29' title="bbox 159 2061 2054 2113; baseline 0.002 -17"><span class='ocrx_word' id='word_1_297' title='bbox 159 2062 237 2096; x_wconf 90' lang='lat' dir='ltr'>dicti</span> <span class='ocrx_word' id='word_1_298' title='bbox 266 2061 449 2108; x_wconf 79' lang='lat' dir='ltr'>Pragensis</span> <span class='ocrx_word' id='word_1_299' title='bbox 480 2063 652 2110; x_wconf 64' lang='lat' dir='ltr'>dyocesis.</span> <span class='ocrx_word' id='word_1_300' title='bbox 683 2064 822 2099; x_wconf 79' lang='lat' dir='ltr'>salutem</span> <span class='ocrx_word' id='word_1_301' title='bbox 853 2070 885 2100; x_wconf 89' lang='lat' dir='ltr'>et</span> <span class='ocrx_word' id='word_1_302' title='bbox 914 2068 1083 2100; x_wconf 82' lang='lat' dir='ltr'>sinceram</span> <span class='ocrx_word' id='word_1_303' title='bbox 1113 2068 1144 2099; x_wconf 88' lang='lat' dir='ltr'>in</span> <span class='ocrx_word' id='word_1_304' title='bbox 1175 2065 1309 2099; x_wconf 89' lang='lat' dir='ltr'>domino</span> <span class='ocrx_word' id='word_1_305' title='bbox 1333 2068 1519 2100; x_wconf 85' lang='lat' dir='ltr'>caritatem.</span> <span class='ocrx_word' id='word_1_306' title='bbox 1551 2065 1595 2100; x_wconf 73' lang='lat' dir='ltr'>Vt.</span> <span class='ocrx_word' id='word_1_307' title='bbox 1624 2069 1655 2100; x_wconf 90' lang='lat' dir='ltr'>iu</span> <span class='ocrx_word' id='word_1_308' title='bbox 1685 2066 1831 2101; x_wconf 88' lang='lat' dir='ltr'>ecclesia</span> <span class='ocrx_word' id='word_1_309' title='bbox 1854 2066 2054 2113; x_wconf 83' lang='lat' dir='ltr'>parrochiali</span> 
     </span>
     <span class='ocr_line' id='line_1_30' title="bbox 158 2124 2055 2174; baseline 0.002 -16"><span class='ocrx_word' id='word_1_310' title='bbox 158 2126 192 2159; x_wconf 90' lang='lat' dir='ltr'>in</span> <span class='ocrx_word' id='word_1_311' title='bbox 222 2124 398 2170; x_wconf 52' lang='lat' dir='ltr'>Raygrass</span> <span class='ocrx_word' id='word_1_312' title='bbox 428 2129 543 2159; x_wconf 83' lang='lat' dir='ltr'>nostre</span> <span class='ocrx_word' id='word_1_313' title='bbox 573 2125 744 2172; x_wconf 58' lang='lat' dir='ltr'>dyocesis,</span> <span class='ocrx_word' id='word_1_314' title='bbox 774 2129 869 2162; x_wconf 88' lang='lat' dir='ltr'>cuius</span> <span class='ocrx_word' id='word_1_315' title='bbox 899 2127 938 2160; x_wconf 88' lang='lat' dir='ltr'>ad</span> <span class='ocrx_word' id='word_1_316' title='bbox 969 2139 1031 2162; x_wconf 87' lang='lat' dir='ltr'>nos</span> <span class='ocrx_word' id='word_1_317' title='bbox 1061 2130 1265 2174; x_wconf 72' lang='lat' dir='ltr'>presentatio</span> <span class='ocrx_word' id='word_1_318' title='bbox 1295 2130 1451 2173; x_wconf 64' lang='lat' dir='ltr'>pertinet„</span> <span class='ocrx_word' id='word_1_319' title='bbox 1483 2139 1547 2174; x_wconf 85' lang='lat' dir='ltr'>que</span> <span class='ocrx_word' id='word_1_320' title='bbox 1576 2140 1636 2174; x_wconf 87' lang='lat' dir='ltr'>per</span> <span class='ocrx_word' id='word_1_321' title='bbox 1658 2127 1779 2163; x_wconf 83' lang='lat' dir='ltr'>fratres</span> <span class='ocrx_word' id='word_1_322' title='bbox 1809 2133 1942 2163; x_wconf 79' lang='lat' dir='ltr'>vestros</span> <span class='ocrx_word' id='word_1_323' title='bbox 1971 2128 2055 2162; x_wconf 85' lang='lat' dir='ltr'>reli-</span> 
     </span>
     <span class='ocr_line' id='line_1_31' title="bbox 157 2185 2053 2237; baseline 0.004 -18"><span class='ocrx_word' id='word_1_324' title='bbox 157 2188 286 2231; x_wconf 71' lang='lat' dir='ltr'>giosos,</span> <span class='ocrx_word' id='word_1_325' title='bbox 316 2185 441 2221; x_wconf 90' lang='lat' dir='ltr'>ordinis</span> <span class='ocrx_word' id='word_1_326' title='bbox 471 2187 641 2231; x_wconf 60' lang='lat' dir='ltr'>antedicti,</span> <span class='ocrx_word' id='word_1_327' title='bbox 672 2190 745 2228; x_wconf 67' lang='lat' dir='ltr'>reni</span> <span class='ocrx_word' id='word_1_328' title='bbox 768 2192 968 2229; x_wconf 72' lang='lat' dir='ltr'>consweuit,</span> <span class='ocrx_word' id='word_1_329' title='bbox 999 2189 1137 2224; x_wconf 73' lang='lat' dir='ltr'>eosdem</span> <span class='ocrx_word' id='word_1_330' title='bbox 1168 2189 1290 2224; x_wconf 83' lang='lat' dir='ltr'>fratres</span> <span class='ocrx_word' id='word_1_331' title='bbox 1312 2193 1459 2231; x_wconf 59' lang='lat' dir='ltr'>vestros.v</span> <span class='ocrx_word' id='word_1_332' title='bbox 1491 2189 1673 2235; x_wconf 90' lang='lat' dir='ltr'>dequibus</span> <span class='ocrx_word' id='word_1_333' title='bbox 1704 2190 1865 2237; x_wconf 77' lang='lat' dir='ltr'>expedire</span> <span class='ocrx_word' id='word_1_334' title='bbox 1892 2190 2053 2226; x_wconf 62' lang='lat' dir='ltr'>videritis„</span> 
     </span>
     <span class='ocr_line' id='line_1_32' title="bbox 158 2247 2054 2297; baseline 0.003 -16"><span class='ocrx_word' id='word_1_335' title='bbox 158 2250 306 2282; x_wconf 78' lang='lat' dir='ltr'>maxime</span> <span class='ocrx_word' id='word_1_336' title='bbox 335 2259 409 2281; x_wconf 88' lang='lat' dir='ltr'>cum</span> <span class='ocrx_word' id='word_1_337' title='bbox 430 2247 553 2284; x_wconf 86' lang='lat' dir='ltr'>fratres</span> <span class='ocrx_word' id='word_1_338' title='bbox 583 2249 764 2284; x_wconf 81' lang='lat' dir='ltr'>eeclesiam</span> <span class='ocrx_word' id='word_1_339' title='bbox 786 2252 892 2295; x_wconf 83' lang='lat' dir='ltr'>ipsam</span> <span class='ocrx_word' id='word_1_340' title='bbox 912 2255 1074 2295; x_wconf 72' lang='lat' dir='ltr'>regentes</span> <span class='ocrx_word' id='word_1_341' title='bbox 1095 2254 1209 2297; x_wconf 80' lang='lat' dir='ltr'>sepius</span> <span class='ocrx_word' id='word_1_342' title='bbox 1239 2255 1376 2297; x_wconf 87' lang='lat' dir='ltr'>propter</span> <span class='ocrx_word' id='word_1_343' title='bbox 1397 2252 1590 2297; x_wconf 68' lang='lat' dir='ltr'>regularem</span> <span class='ocrx_word' id='word_1_344' title='bbox 1620 2252 1852 2287; x_wconf 84' lang='lat' dir='ltr'>obedienciam</span> <span class='ocrx_word' id='word_1_345' title='bbox 1877 2251 2054 2286; x_wconf 86' lang='lat' dir='ltr'>absoluere</span> 
     </span>
     <span class='ocr_line' id='line_1_33' title="bbox 158 2312 2054 2361; baseline 0.002 -18"><span class='ocrx_word' id='word_1_346' title='bbox 158 2320 222 2343; x_wconf 86' lang='lat' dir='ltr'>vos</span> <span class='ocrx_word' id='word_1_347' title='bbox 252 2312 436 2354; x_wconf 61' lang='lat' dir='ltr'>contingat,</span> <span class='ocrx_word' id='word_1_348' title='bbox 473 2314 669 2346; x_wconf 87' lang='lat' dir='ltr'>auctoritate</span> <span class='ocrx_word' id='word_1_349' title='bbox 700 2316 811 2345; x_wconf 78' lang='lat' dir='ltr'>nostra</span> <span class='ocrx_word' id='word_1_350' title='bbox 843 2314 1028 2355; x_wconf 59' lang='lat' dir='ltr'>institam-Q</span> <span class='ocrx_word' id='word_1_351' title='bbox 1067 2324 1106 2347; x_wconf 89' lang='lat' dir='ltr'>ac</span> <span class='ocrx_word' id='word_1_352' title='bbox 1137 2315 1217 2359; x_wconf 78' lang='lat' dir='ltr'>ipsis</span> <span class='ocrx_word' id='word_1_353' title='bbox 1248 2313 1579 2348; x_wconf 82' lang='lat' dir='ltr'>administraciouem</span> <span class='ocrx_word' id='word_1_354' title='bbox 1609 2314 1827 2361; x_wconf 82' lang='lat' dir='ltr'>spiritualium</span> <span class='ocrx_word' id='word_1_355' title='bbox 1858 2317 1889 2347; x_wconf 89' lang='lat' dir='ltr'>et</span> <span class='ocrx_word' id='word_1_356' title='bbox 1918 2318 2054 2360; x_wconf 84' lang='lat' dir='ltr'>tempo-</span> 
     </span>
     <span class='ocr_line' id='line_1_34' title="bbox 158 2370 2051 2421; baseline 0.002 -16"><span class='ocrx_word' id='word_1_357' title='bbox 158 2370 273 2405; x_wconf 89' lang='lat' dir='ltr'>ralium</span> <span class='ocrx_word' id='word_1_358' title='bbox 304 2370 382 2405; x_wconf 91' lang='lat' dir='ltr'>inibi</span> <span class='ocrx_word' id='word_1_359' title='bbox 412 2375 631 2417; x_wconf 76' lang='lat' dir='ltr'>committere,</span> <span class='ocrx_word' id='word_1_360' title='bbox 670 2373 803 2419; x_wconf 88' lang='lat' dir='ltr'>quando</span> <span class='ocrx_word' id='word_1_361' title='bbox 833 2373 942 2417; x_wconf 65' lang='lat' dir='ltr'>vohis⁷</span> <span class='ocrx_word' id='word_1_362' title='bbox 973 2379 1004 2408; x_wconf 89' lang='lat' dir='ltr'>et</span> <span class='ocrx_word' id='word_1_363' title='bbox 1034 2378 1195 2421; x_wconf 76' lang='lat' dir='ltr'>quociens</span> <span class='ocrx_word' id='word_1_364' title='bbox 1225 2379 1427 2420; x_wconf 83' lang='lat' dir='ltr'>oportunum</span> <span class='ocrx_word' id='word_1_365' title='bbox 1457 2387 1535 2410; x_wconf 70' lang='lat' dir='ltr'>esse</span> <span class='ocrx_word' id='word_1_366' title='bbox 1564 2376 1741 2412; x_wconf 71' lang='lat' dir='ltr'>videbitur.</span> <span class='ocrx_word' id='word_1_367' title='bbox 1781 2375 1868 2409; x_wconf 89' lang='lat' dir='ltr'>licite</span> <span class='ocrx_word' id='word_1_368' title='bbox 1897 2375 2051 2409; x_wconf 82' lang='lat' dir='ltr'>valeatis.</span> 
     </span>
     <span class='ocr_line' id='line_1_35' title="bbox 158 2426 2053 2483; baseline 0.003 -17"><span class='ocrx_word' id='word_1_369' title='bbox 158 2432 292 2479; x_wconf 87' lang='lat' dir='ltr'>plenam</span> <span class='ocrx_word' id='word_1_370' title='bbox 336 2426 432 2467; x_wconf 78' lang='lat' dir='ltr'>vohis</span> <span class='ocrx_word' id='word_1_371' title='bbox 476 2437 594 2469; x_wconf 87' lang='lat' dir='ltr'>tenore</span> <span class='ocrx_word' id='word_1_372' title='bbox 636 2439 851 2481; x_wconf 59' lang='lat' dir='ltr'>presencium</span> <span class='ocrx_word' id='word_1_373' title='bbox 895 2436 1112 2471; x_wconf 80' lang='lat' dir='ltr'>concedimus</span> <span class='ocrx_word' id='word_1_374' title='bbox 1152 2436 1354 2471; x_wconf 74' lang='lat' dir='ltr'>facultatem.</span> <span class='ocrx_word' id='word_1_375' title='bbox 1400 2436 1528 2472; x_wconf 88' lang='lat' dir='ltr'>Dantes</span> <span class='ocrx_word' id='word_1_376' title='bbox 1564 2438 1663 2472; x_wconf 65' lang='lat' dir='ltr'>vobis</span> <span class='ocrx_word' id='word_1_377' title='bbox 1702 2441 1879 2483; x_wconf 74' lang='lat' dir='ltr'>presentes</span> <span class='ocrx_word' id='word_1_378' title='bbox 1921 2442 2053 2471; x_wconf 73' lang='lat' dir='ltr'>nostras</span> 
     </span>
     <span class='ocr_line' id='line_1_36' title="bbox 158 2494 2052 2546; baseline 0.002 -18"><span class='ocrx_word' id='word_1_379' title='bbox 158 2494 287 2537; x_wconf 67' lang='lat' dir='ltr'>literas,</span> <span class='ocrx_word' id='word_1_380' title='bbox 326 2498 534 2541; x_wconf 68' lang='lat' dir='ltr'>appensione</span> <span class='ocrx_word' id='word_1_381' title='bbox 570 2497 668 2541; x_wconf 67' lang='lat' dir='ltr'>sigilli</span> <span class='ocrx_word' id='word_1_382' title='bbox 705 2501 809 2532; x_wconf 89' lang='lat' dir='ltr'>nostri</span> <span class='ocrx_word' id='word_1_383' title='bbox 843 2500 1004 2541; x_wconf 66' lang='lat' dir='ltr'>munitas,</span> <span class='ocrx_word' id='word_1_384' title='bbox 1042 2501 1074 2532; x_wconf 90' lang='lat' dir='ltr'>in</span> <span class='ocrx_word' id='word_1_385' title='bbox 1105 2501 1334 2533; x_wconf 69' lang='lat' dir='ltr'>testimonium</span> <span class='ocrx_word' id='word_1_386' title='bbox 1369 2510 1471 2546; x_wconf 88' lang='lat' dir='ltr'>super</span> <span class='ocrx_word' id='word_1_387' title='bbox 1506 2512 1558 2534; x_wconf 77' lang='lat' dir='ltr'>ee.</span> <span class='ocrx_word' id='word_1_388' title='bbox 1603 2500 1724 2533; x_wconf 84' lang='lat' dir='ltr'>Datum</span> <span class='ocrx_word' id='word_1_389' title='bbox 1759 2498 1870 2543; x_wconf 77' lang='lat' dir='ltr'>l&#39;rage</span> <span class='ocrx_word' id='word_1_390' title='bbox 1901 2501 1930 2532; x_wconf 89' lang='lat' dir='ltr'>in</span> <span class='ocrx_word' id='word_1_391' title='bbox 1961 2502 2052 2532; x_wconf 90' lang='lat' dir='ltr'>curia</span> 
     </span>
     <span class='ocr_line' id='line_1_37' title="bbox 157 2555 2053 2599; baseline 0.002 -9"><span class='ocrx_word' id='word_1_392' title='bbox 157 2555 379 2591; x_wconf 80' lang='lat' dir='ltr'>habitacionis</span> <span class='ocrx_word' id='word_1_393' title='bbox 410 2561 535 2599; x_wconf 60' lang='lat' dir='ltr'>nostre,</span> <span class='ocrx_word' id='word_1_394' title='bbox 566 2557 668 2592; x_wconf 78' lang='lat' dir='ltr'>Auno</span> <span class='ocrx_word' id='word_1_395' title='bbox 697 2559 821 2593; x_wconf 91' lang='lat' dir='ltr'>domini</span> <span class='ocrx_word' id='word_1_396' title='bbox 851 2559 1028 2594; x_wconf 66' lang='lat' dir='ltr'>Millesimo</span> <span class='ocrx_word' id='word_1_397' title='bbox 1053 2560 1307 2595; x_wconf 85' lang='lat' dir='ltr'>Trecentesimo</span> <span class='ocrx_word' id='word_1_398' title='bbox 1338 2560 1526 2596; x_wconf 88' lang='lat' dir='ltr'>Tricesimo</span> <span class='ocrx_word' id='word_1_399' title='bbox 1557 2560 1645 2595; x_wconf 65' lang='lat' dir='ltr'>Yw.</span> <span class='ocrx_word' id='word_1_400' title='bbox 1678 2560 1754 2595; x_wconf 72' lang='lat' dir='ltr'>idus</span> <span class='ocrx_word' id='word_1_401' title='bbox 1779 2560 1989 2595; x_wconf 82' lang='lat' dir='ltr'>Decembris.</span> <span class='ocrx_word' id='word_1_402' title='bbox 2021 2565 2053 2594; x_wconf 84' lang='lat' dir='ltr'>et</span> 
     </span>
     <span class='ocr_line' id='line_1_38' title="bbox 156 2617 1265 2668; baseline 0.005 -17"><span class='ocrx_word' id='word_1_403' title='bbox 156 2617 371 2664; x_wconf 81' lang='lat' dir='ltr'>presentibus</span> <span class='ocrx_word' id='word_1_404' title='bbox 401 2618 440 2652; x_wconf 91' lang='lat' dir='ltr'>ad</span> <span class='ocrx_word' id='word_1_405' title='bbox 472 2623 588 2653; x_wconf 75' lang='lat' dir='ltr'>nostre</span> <span class='ocrx_word' id='word_1_406' title='bbox 617 2620 798 2656; x_wconf 84' lang='lat' dir='ltr'>voluntatis</span> <span class='ocrx_word' id='word_1_407' title='bbox 828 2621 1072 2668; x_wconf 77' lang='lat' dir='ltr'>beneplacitum</span> <span class='ocrx_word' id='word_1_408' title='bbox 1102 2623 1265 2657; x_wconf 70' lang='lat' dir='ltr'>valituris.</span> 
     </span>
    </p>
   </div>
   <div class='ocr_carea' id='block_1_7' title="bbox 472 2690 1741 2731">
    <p class='ocr_par' dir='ltr' id='par_1_7' title="bbox 472 2690 1741 2731">
     <span class='ocr_line' id='line_1_39' title="bbox 472 2690 1741 2731; baseline 0.006 -16"><span class='ocrx_word' id='word_1_409' title='bbox 472 2690 560 2724; x_wconf 60' lang='grc' dir='ltr'>(θὼς.</span> <span class='ocrx_word' id='word_1_410' title='bbox 587 2692 732 2719; x_wconf 81' lang='lat' dir='ltr'>membran.</span> <span class='ocrx_word' id='word_1_411' title='bbox 759 2702 817 2720; x_wconf 87' lang='lat' dir='ltr'>cum</span> <span class='ocrx_word' id='word_1_412' title='bbox 843 2693 937 2726; x_wconf 61' lang='lat' dir='ltr'>sigillo</span> <span class='ocrx_word' id='word_1_413' title='bbox 963 2697 1126 2720; x_wconf 70' lang='lat' dir='ltr'>conservato</span> <span class='ocrx_word' id='word_1_414' title='bbox 1152 2693 1177 2720; x_wconf 91' lang='lat' dir='ltr'>in</span> <span class='ocrx_word' id='word_1_415' title='bbox 1203 2694 1313 2721; x_wconf 79' lang='lat' dir='ltr'>archivo</span> <span class='ocrx_word' id='word_1_416' title='bbox 1339 2695 1497 2722; x_wconf 80' lang='lat' dir='ltr'>monasterii</span> <span class='ocrx_word' id='word_1_417' title='bbox 1523 2693 1741 2731; x_wconf 67' lang='lat' dir='ltr'>liajtn·a‹lensis.]›</span> 
     </span>
    </p>
   </div>
   <div class='ocr_carea' id='block_1_8' title="bbox 1776 2746 1836 2776">
    <p class='ocr_par' dir='ltr' id='par_1_8' title="bbox 1776 2746 1836 2776">
     <span class='ocr_line' id='line_1_40' title="bbox 1776 2746 1836 2776; baseline -0.017 0"><span class='ocrx_word' id='word_1_418' title='bbox 1776 2746 1836 2776; x_wconf 77' lang='lat' dir='ltr'>40ss</span> 
     </span>
    </p>
   </div>
  </div>
 </body>
</html>
