2325 2941
1188 166 1236 200 34

1160 279 1262 313 XLV.

287 356 403 399 Aulia,
433 356 556 390 relicta
585 355 750 389 Bladomze
792 355 832 389 de
872 354 1030 399 Thyzeite,
1074 355 1207 398 confert
1248 354 1404 388 εει-ἰθείας
1433 354 1471 388 S.
1501 355 1624 388 Μανία]
1665 355 1699 387 in
1727 354 1868 399 Hnoycz
1909 355 2059 388 decimas
2095 354 2138 388 de

414 418 511 451 curia
539 419 574 449 et
603 415 710 449 tribus
740 416 849 449 laneis
876 417 908 448 in
938 415 1087 448 Phoenic.
1117 414 1177 448 Dt.
1208 417 1241 448 in
1269 415 1451 459 Pnyowicz
1479 415 1558 450 XV.
1589 415 1735 448 Kalend.
1765 414 1863 448 Jemii
1889 414 2000 449 1311.

456 500 641 554 Humanis
674 519 941 554 ordinacionibus
976 519 1199 553 contractibus
1234 524 1332 565 atque
1367 522 1471 565 pactis
1508 524 1541 554 ut
1573 525 1650 566 puta
1686 519 1819 554 caducis
1854 531 1893 553 ac
1928 519 2137 554 mutabilibus

284 586 529 616 consueuerunt
557 584 676 628 apponi
705 586 838 627 propter
873 580 1085 625 fragilitatem
1114 580 1280 614 hominum
1310 584 1496 615 testimonia
1525 580 1771 615 racionabiliter
1789 580 1854 616 fide
1883 580 1982 625 digna
2012 609 2019 615 .
2049 592 2138 626 qua-

284 648 377 677 tenus
406 654 471 677 non
500 647 611 689 pateat
638 643 729 676 locus
758 642 926 676 fraudibus
968 646 999 675 et
1034 641 1204 675 decidatur
1232 644 1369 675 materia
1398 645 1591 686 iurgiorum.
1633 642 1771 688 proinde
1799 653 1864 687 ego
1892 642 1989 675 Anca
2022 642 2137 675 relicta

284 703 400 738 nobilis
442 706 503 737 uiri
545 703 702 737 Bludonis
744 703 783 737 de
826 702 974 748 Tliyzcin
1005 730 1011 736 .
1042 705 1138 748 cupio
1179 702 1251 736 fore
1293 707 1405 736 nolum
1446 705 1654 748 presencium
1696 702 1937 749 inspectoribus
1971 705 2137 737 vniuersis

283 765 370 810 quod
398 767 627 799 controuersia
656 764 752 798 michi
795 768 881 797 mota
911 775 970 809 per
1007 763 1183 797 discretum
1211 766 1320 797 virum
1358 763 1525 797 dominum
1554 763 1781 798 Ilermannnm
1816 767 1848 797 in
1876 763 2017 809 Hnoycz
2052 774 2137 797 auc—

282 828 412 859 toritate
441 825 619 859 litterarum
650 825 905 871 apostolicarum
936 852 942 858 .
972 835 1084 858 coram
1113 823 1361 859 honorabilibus
1390 827 1471 858 viris
1488 852 1494 858 .
1513 824 1645 858 domino
1674 824 1887 859 Thechoncio
1916 829 1948 858 et
1963 824 2111 858 Lutcone
2128 850 2136 858 .

282 885 464 920 Kanonicis
507 885 782 920 Olonuicensihus
825 897 925 932 super
965 885 1101 918 decimis
1142 887 1234 918 curie
1275 896 1348 919 mee
1390 888 1461 919 siue
1503 885 1613 919 allodii
1654 888 1686 919 in
1727 886 1804 920 villa
1846 879 2030 932 Pnyowic'z
2069 912 2076 919 .
2106 889 2138 918 et

284 947 421 981 decimis
454 947 499 981 Ill
527 947 698 980 laneorum
727 946 847 980 ibidem
876 958 957 992 quos
986 945 1085 979 nobili
1115 946 1205 979 militi
1235 946 1367 980 domino
1397 946 1565 981 Sclenconi
1595 946 1634 980 de
1655 946 1840 980 Hrsimnicz
1869 946 1960 980 titulo
1988 948 2138 992 pignoris

284 1008 430 1053 obligaui
459 1013 491 1042 et
518 1019 618 1054 super
653 1018 693 1041 eo
727 1008 867 1053 aliquam
903 1007 955 1041 diu
997 1007 1124 1052 litigato
1159 1007 1334 1041 informato
1363 1007 1494 1041 tandem
1537 1007 1675 1041 consilio
1703 1010 1781 1041 iuris
1822 1010 2015 1053 peritorum,
2052 1006 2139 1052 quod

283 1071 372 1115 ipsas
401 1069 546 1103 decimas
575 1080 639 1102 non
670 1080 802 1114 possem
831 1071 902 1102 sine
930 1071 1025 1113 graui
1055 1071 1163 1101 anime
1200 1079 1273 1102 mee
1307 1068 1454 1114 periculo
1489 1071 1635 1104 retinere
1663 1079 1729 1102 non
1758 1073 1932 1114 expectata
1974 1070 2138 1102 sententia

283 1130 324 1164 de
365 1130 504 1164 consilio
533 1134 565 1164 et
606 1141 745 1163 assensu
774 1129 828 1163 lilii
857 1133 921 1163 mei
948 1129 1100 1163 bludonis
1142 1129 1217 1163 dicti
1247 1129 1287 1163 de
1323 1128 1471 1171 Cocliitz‚
1502 1129 1647 1163 decimas
1676 1141 1774 1175 supra
1804 1129 1907 1164 dictas
1935 1129 2033 1175 pleno
2066 1131 2137 1163 iure

283 1196 401 1238 sponte
430 1196 461 1225 el
489 1191 591 1225 libera
620 1191 790 1225 voluntate
825 1191 898 1225 dedi
933 1202 992 1225 seu
1027 1191 1149 1225 contuli
1185 1190 1329 1224 ecclesie
1364 1195 1479 1225 sancte
1506 1190 1613 1224 Marie
1648 1193 1680 1224 in
1709 1190 1849 1236 llnoycz
1877 1194 1912 1224 ut
1942 1201 2002 1236 per
2034 1192 2139 1236 ipsam

283 1252 458 1287 ecclesiam
492 1255 563 1286 sine
596 1252 864 1286 contradiccione
893 1252 1037 1297 qualibet
1078 1245 1236 1285 heredum
1271 1263 1330 1285 seu
1359 1251 1580 1299 proheredum
1614 1263 1763 1285 meorum
1797 1256 1957 1298 perpetuo
1998 1251 2141 1285 debeant

282 1316 415 1347 retineri
439 1341 445 1347 .
469 1302 570 1347 testes
592 1325 672 1347 uero
700 1313 777 1347 sacti
800 1313 895 1347 huius
926 1317 1001 1348 sunt
1021 1312 1064 1346 hii
1095 1341 1101 1346 .
1125 1313 1252 1347 scilicet
1273 1312 1410 1359 predicti
1436 1312 1569 1347 Domini
1600 1341 1606 1347 .
1637 1312 1871 1347 Thechoncius
1901 1340 1907 1346 .
1938 1316 1970 1346 et
1997 1312 2099 1346 Lutco
2130 1339 2137 1345 .

283 1374 441 1409 Canonici
473 1402 478 1408 .
511 1374 749 1408 Olomucenses
780 1402 786 1408 .
816 1374 977 1408 Dominus
1000 1374 1115 1408 franco
1146 1402 1152 1407 .
1182 1373 1344 1408 Dominus
1367 1373 1462 1407 adam
1485 1374 1590 1408 frater
1610 1377 1681 1408 eius
1704 1374 1778 1407 dicti
1802 1373 1842 1407 de
1862 1373 2100 1407 schonnwalde
2131 1400 2137 1406 .

283 1440 316 1469 et
349 1435 516 1481 predictus
558 1435 690 1469 Sdenco
733 1435 773 1469 (le
808 1435 1007 1469 lii-siminicz.
1050 1435 1086 1469 In
1129 1438 1222 1469 euius
1264 1438 1369 1469 eciam
1399 1438 1446 1469 rei
1488 1435 1694 1469 euidenciam
1730 1435 1912 1481 pleniorem
1953 1438 2140 1481 presentem

281 1496 422 1531 litteram
451 1496 558 1541 sigillo
587 1496 727 1530 condam
756 1499 862 1530 mariti
891 1499 954 1530 mei
984 1524 991 1530 .
1021 1496 1172 1531 hludonis
1200 1496 1291 1530 volui
1313 1499 1524 1541 consignare.
1554 1496 1640 1530 Acta
1669 1500 1744 1531 sunt
1771 1496 1833 1530 hec
1860 1497 1893 1529 in
1922 1497 2101 1542 pnyowicz
2131 1522 2138 1529 .

281 1569 368 1591 anno
404 1557 525 1591 domini
556 1585 562 1591 .
591 1557 739 1592 MOCCC.
768 1557 956 1591 vndecimo.
994 1557 1087 1591 ΧΨ).
1116 1557 1285 1591 Kalendas
1312 1557 1412 1602 Junij.
1852 1586 1868 1605 ο

594 1637 675 1672 Copia
701 1646 732 1663 ex
759 1636 884 1671 originali
920 1646 976 1663 cum
1002 1637 1086 1663 tribus
1111 1636 1208 1671 sigillis
1234 1636 1325 1669 (uhi·?)
1351 1637 1470 1663 ‹lesumla
1505 1646 1552 1672 per
1583 1637 1645 1663 Ant.
1677 1636 1784 1662 Boczek
1812 1635 1882 1662 inter
1914 1635 2033 1661 analecta
2064 1634 2136 1662 illius

695 1689 720 1715 in
745 1689 854 1715 archivo
880 1689 1077 1715 marchionatus
1102 1689 1225 1715 Moraxiae
1250 1689 1298 1715 sub
1323 1690 1366 1716 Nr.
1394 1688 1520 1721 1014'7.)

1154 1810 1270 1844 XLVI.

289 1885 401 1921 With-0
433 1887 473 1919 (Ic
514 1878 696 1919 S'wabem'e
736 1889 770 1919 et
798 1886 891 1930 filins
932 1888 1005 1930 ejas
1039 1885 1215 1919 ‚lohannes
1248 1886 1375 1919 donant
1409 1886 1617 1919 monasterio
1654 1884 1880 1918 Zderasiensi
1913 1888 1984 1918 tres
2020 1884 2139 1918 laneos

284 1948 317 1980 in
345 1947 523 1980 Mor-amm
552 1951 585 1981 et
619 1947 934 1981 allermn(limidium
968 1949 1001 1980 in
1031 1946 1221 1981 Delkon-ie.
1258 1947 1316 1981 Dt.
1347 1949 1381 1980 in
1412 1947 1582 1989 Olonna-z„
1612 1946 1875 1991 pridz'eVNonas
1902 1945 2000 1979 Junii
2026 1943 2138 1978 1311.

455 2032 638 2085 lxoverint
666 2055 813 2086 universi
843 2055 1052 2098 presencium
1080 2054 1235 2086 noticiam
1266 2052 1417 2087 habituri.
1447 2052 1533 2097 quod
1563 2063 1624 2086 nos
1660 2051 1773 2087 tt'ltlso
1799 2054 1833 2084 et
1858 2049 2034 2084 Jolmtmes
2056 2048 2140 2083 silius

282 2114 354 2157 ejus
376 2112 415 2145 (le
433 2112 633 2146 Siealwm'ez-
662 2113 924 2150 considerantes.
955 2113 1039 2159 quod
1071 2116 1156 2147 inter
1177 2124 1278 2159 opera
1303 2116 1431 2159 pietatis
1452 2113 1633 2147 elemosina
1662 2114 1818 2158 precipue
1847 2115 1983 2157 peccata
2012 2113 2139 2154 minuit,

282 2173 337 2207 dat
364 2176 513 2217 graciam
544 2176 573 2207 in
605 2177 749 2219 presenti
778 2179 810 2208 vt
837 2175 926 2209 addit
953 2175 1092 2219 gloriam
1130 2177 1161 2208 in
1191 2174 1311 2213 futui-0,
1348 2177 1378 2208 in
1413 2177 1641 2209 remissionem
1677 2177 1863 2207 nostrorum
1896 2174 2138 2218 peccaminum,

282 2239 315 2268 et
343 2234 522 2268 remedium
557 2237 739 2268 animarum
773 2238 1021 2281 progenitorum
1056 2241 1255 2273 nostrorum,
1286 2247 1327 2270 ac
1360 2236 1509 2280 Afflictis
1541 2237 1655 2269 uxoris
1688 2233 1764 2267 olim
1799 2238 1923 2276 nostre,
1956 2237 1990 2267 et
2027 2235 2140 2268 matris

283 2308 438 2330 necnon
470 2295 674 2329 Bam-lconis.
713 2296 884 2331 ll'seborc'e?
909 2301 943 2331 ct
975 2297 1150 2331 Gerlmrdc‘
1183 2297 1360 2342 aliquando
1403 2297 1540 2331 liliorum
1583 2299 1767 2329 nostrorum
1806 2299 1838 2328 et
1865 2293 2014 2338 fratrum,
2057 2297 2140 2329 viris

282 2357 447 2399 religiosis
477 2384 483 2390 .
517 2384 523 2390 .
556 2384 562 2390 .
594 2356 766 2402 Proposito
795 2361 826 2390 et
854 2361 1032 2391 conventui
1065 2358 1212 2395 fratrum,
1243 2369 1424 2404 eorumque.
1454 2356 1702 2392 successorihus
1725 2355 1876 2389 Ecclesie
1900 2355 2141 2390 cherasiensz‘s

283 2429 341 2462 pei·
369 2417 503 2451 eosdem
533 2420 764 2463 progenitores
795 2422 924 2451 nostros
953 2418 1086 2452 fundate
1117 2420 1302 2463 l'rayenm's
1326 2419 1488 2453 Dioeeesis
1517 2417 1640 2451 ordinis
1663 2419 1766 2451 sancti
1791 2417 1980 2461 ,luatis-tini
1999 2416 2140 2451 Sacro-

283 2479 408 2511 Sam-ri
433 2479 608 2523 sepulchri
635 2478 809 2512 Dominio-i
834 2479 1112 2513 ‚leros-alimflam·
1138 2492 1235 2514 unum
1266 2481 1395 2514 laneum
1426 2484 1512 2512 terre
1541 2482 1652 2512 nostre
1688 2481 1831 2511 aranu-ie
1867 2481 1964 2512 situm
1997 2480 2029 2512 in
2058 2477 2141 2512 Mo-

282 2551 400 2572 rmran
431 2540 505 2573 villa
537 2544 659 2574 nostra.
691 2542 720 2573 in
750 2541 844 2583 eujus
875 2540 950 2572 villo
982 2540 1128 2574 Ecclesia
1166 2544 1225 2587 ipsi
1262 2541 1450 2586 Propositus
1485 2543 1515 2572 et
1551 2539 1670 2572 l'ralres
1699 2550 1741 2572 ex
1777 2538 1992 2573 ordinacione
2028 2542 2139 2572 nostra

284 2599 403 2633 halwnl
431 2600 488 2633 Jus
520 2601 724 2634 l'atronatus.
755 2612 849 2646 quem
882 2601 1010 2633 laneum
1042 2601 1174 2634 ollisms
1203 2602 1305 2635 frater
1333 2601 1408 2634 olim
1433 2600 1554 2644 judicis
1583 2599 1730 2643 ejusdem
1762 2600 1838 2633 ville
1867 2604 1978 2633 nostre
2001 2611 2018 2635 a
2045 2598 2140 2633 nohis

284 2663 380 2693 tenuit
407 2662 481 2703 jur«-
516 2662 734 2695 'J'hertum‘m
765 2661 848 2707 quod
881 2661 1068 2706 Propositus
1097 2666 1125 2695 el
1156 2662 1274 2695 fratres
1299 2661 1382 2707 apud
1406 2672 1636 2694 successorem
1661 2660 1808 2704 ejusdem
1835 2661 1965 2694 (lllele‘m'
1992 2662 2140 2706 pecuniis
