2341 3005
1037 134 1113 170 257

130 255 163 285 et
190 250 329 285 Polonie
356 261 441 296 rege
469 250 597 294 illustri²
627 261 667 285 ac
694 249 984 296 Lucemburgensi
1012 252 1151 294 comite.
1181 249 1287 285 fratre
1315 256 1430 286 nostro
1460 251 1676 287 charissimo.
1706 253 1946 288 indissolubilis
1977 266 2016 289 ae

129 311 298 346 indiuidue
327 315 472 347 amicitie
500 315 663 347 vnionem
690 323 892 358 permanere
912 314 1098 358 cupientes.
1128 312 1169 346 ad
1198 315 1302 359 ipsius
1331 316 1466 348 vnionis
1488 314 1591 348 robur
1619 320 1651 349 et
1679 320 1875 362 perpetuam
1905 316 2017 350 firmi-

129 378 231 408 tatem
268 376 401 408 sincera
436 373 501 408 fide
537 376 777 420 promittimus,
816 376 925 420 ipsum
959 373 1000 408 D.
1036 385 1155 419 regem
1189 374 1353 409 Bohemie
1382 380 1498 409 contra
1538 387 1671 411 omnem
1700 377 1886 421 hominem,
1927 380 2017 412 omni

128 439 280 482 tempore
302 437 335 469 in
365 438 483 481 quouis
504 438 715 470 necessitatis
745 435 895 480 articulo,
926 439 1013 470 etin
1040 436 1123 470 locis
1143 435 1343 482 quibuslibet
1372 441 1440 471 toto
1460 449 1562 484 posse
1590 443 1716 482 nostro,
1747 439 2018 485 quandocunque

128 507 190 544 per
218 507 295 531 eum
323 500 474 543 requisiti
507 496 686 541 fuerimus,
723 497 901 540 adiuuare,
940 497 1122 532 illustribus
1151 497 1290 532 ducibus
1318 498 1473 543 Austrie,
1513 502 1567 545 qui
1604 511 1692 534 nunc
1729 505 1820 544 sunt.
1860 500 2018 536 fratribus

127 561 254 593 nostris
292 558 467 593 dumtaxat
500 562 670 605 exceptis,
706 563 823 593 contra
860 569 962 604 quos,
999 562 1026 594 si
1062 559 1231 606 predictus
1266 571 1329 594 rex
1356 560 1519 595 Bohemie
1556 560 1721 596 hostiliter
1755 574 1829 596 cum
1865 566 2019 597 exercitu

127 623 346 667 processerit.
377 620 491 655 sedem
513 620 700 655 tenebimus
721 623 753 654 in
775 623 897 666 quiete7
927 632 1038 666 neque
1061 624 1110 656 eis
1139 621 1202 656 hac
1223 624 1257 656 in
1277 626 1370 668 parte
1393 622 1527 668 aliquod
1547 622 1637 657 ferre
1658 623 1814 658 volumus
1835 624 2018 658 subsidium

129 681 187 716 vel
215 684 385 726 iuuamen,
416 693 479 716 nec
509 682 695 717 admittere.
726 681 814 728 quod
843 682 884 717 de
912 694 1020 728 regno
1049 688 1165 718 nostro
1193 683 1368 729 Hungarie
1396 687 1477 730 ipsis
1507 684 1615 730 aliqua
1646 684 1792 719 subsidia
1822 697 1882 732 per
1910 697 2018 732 quos-

127 754 260 790 cunque
289 748 423 778 nostros
448 744 648 789 ‘regnicolas
678 743 868 779 afferantur.
900 744 937 778 Si
970 749 1081 779 autem
1109 748 1170 792 ipsi
1209 745 1312 780 duces
1347 750 1455 780 terras
1484 746 1623 793 predicti
1660 746 1700 780 D.
1732 750 1824 793 regis
1853 747 2016 782 Bohemie

126 804 345 849 inuaderent3
377 809 456 839 tunc
483 816 546 840 nos
575 805 637 840 sibi
666 810 819 840 tenemur
848 810 916 840 toto
952 818 1152 841 succurrere
1188 818 1290 853 posse
1318 812 1446 852 nostro.
1476 813 1573 854 prout
1609 820 1710 855 super
1743 820 1783 843 eo
1819 820 1879 855 per
1909 812 2016 856 ipsum

127 866 298 902 dominum
324 878 444 912 regem
473 866 613 901 Boemie
642 867 803 902 fuerimus
831 870 992 914 requisiti.
1022 868 1098 915 Ipse
1128 880 1259 915 quoque
1288 869 1440 903 similiter
1467 873 1544 904 vice
1572 881 1687 914 versa,
1718 873 1746 905 si
1775 871 1883 905 eidem
1914 871 2017 905 duces

125 928 265 964 Austrie
300 933 407 963 terras
442 933 576 963 nostras
617 929 685 964 vllo
721 941 869 975 vnquam
903 934 1054 976 tempore
1095 930 1312 965 inuaderent.
1354 935 1507 965 teneatur
1542 931 1639 966 nobis
1681 932 1721 966 ad
1765 935 2016 977 requisitionem

125 995 276 1026 nostram
315 993 415 1025 totius
449 1001 510 1025 sue
550 994 698 1037 potentie
735 991 882 1025 subsidio
926 1003 1126 1026 succurrere
1161 997 1344 1039 oportune:
1388 997 1421 1027 et
1463 993 1733 1039 quandocunque
1776 997 1848 1040 ipse
1882 994 1924 1028 D.
1956 1006 2018 1028 rex

125 1051 266 1087 Boemie
302 1063 382 1087 suos
418 1051 571 1087 homines
606 1052 703 1087 nobis
739 1055 771 1086 in
802 1053 961 1087 auxilium
999 1056 1236 1097 transmiserit,
1271 1054 1333 1088 illis
1363 1057 1397 1088 in
1432 1054 1553 1101 pabulo
1589 1066 1750 1101 equorum
1787 1056 2016 1090 tantunnnodo

125 1116 211 1148 intra
240 1118 347 1149 metas
368 1117 467 1160 regni
495 1117 600 1149 nostri
622 1114 809 1149 tenebimur
836 1114 1030 1161 prouidere:
1059 1120 1091 1149 et
1112 1118 1184 1162 ipse
1213 1116 1363 1150 similiter
1383 1120 1519 1151 nostris.
1550 1128 1633 1162 quos
1655 1116 1716 1151 sibi
1747 1118 2016 1163 quandocunque

124 1178 334 1220 miserimus,
370 1175 523 1211 homines
552 1179 638 1210 intra
671 1181 778 1210 metas
806 1179 904 1222 regni
937 1179 987 1211 sui
1016 1179 1049 1211 in
1085 1177 1156 1211 solo
1186 1188 1349 1223 equorum
1380 1178 1503 1224 pabulo
1539 1178 1738 1225 prtniidebit.
1798 1179 1850 1213 Ad
1880 1182 2018 1214 maioris

125 1242 244 1272 autem·
257 1242 370 1272 mutue
399 1238 587 1272 dilectionis
610 1242 725 1273 nostre
753 1238 892 1273 euidens
913 1238 1131 1284 ligamentum
1160 1239 1317 1273 illustrem
1338 1239 1539 1274 Ladislaum.
1570 1243 1829 1287 primogenitum
1852 1245 2016 1285 nostrum.

125 1299 239 1335 inclite
266 1300 380 1344 Anne.
410 1304 489 1334 nate
519 1299 595 1334 dicti
623 1299 665 1334 D.
697 1303 790 1345 regis
820 1300 978 1344 Boemie.
1007 1305 1183 1347 postquam
1212 1312 1230 1334 a
1261 1301 1342 1335 sede
1372 1302 1555 1348 apostolica
1587 1314 1688 1348 super
1722 1305 2018 1348 consanguinitate

125 1361 343 1409 dispensatio,
372 1373 434 1409 pro
463 1373 528 1408 qua
551 1361 733 1396 obtinenda
763 1366 830 1396 tam
859 1362 965 1396 dictus
993 1362 1034 1396 D.
1065 1374 1140 1406 rex,
1170 1374 1269 1408 quam
1293 1374 1355 1397 nos
1384 1363 1572 1398 tenebimur
1600 1366 1632 1398 in
1655 1367 1810 1410 proximo
1841 1364 1881 1398 ad
1910 1367 2017 1410 ipsam

123 1423 240 1459 sedem
273 1424 491 1470 apostolicam
529 1428 664 1458 nostros
699 1426 843 1458 nuncios
879 1423 1067 1468 destinare,
1105 1424 1205 1458 fuerit
1239 1423 1392 1469 obtenta.
1428 1424 1514 1459 infra
1550 1437 1613 1460 sex
1649 1437 1786 1460 meuses
1826 1426 2016 1460 immediate

124 1490 318 1531 sequentes‚
348 1485 520 1530 tradimus,
551 1490 583 1520 et
603 1471 837 1522 matrimoniali
859 1485 975 1520 sedere
1003 1488 1037 1520 in
1056 1485 1144 1530 loco.
1175 1497 1273 1533 quem
1294 1487 1382 1521 idem
1411 1486 1564 1521 dominus
1583 1492 1705 1521 rex-et
1728 1499 1790 1521 nos
1820 1488 2014 1521 duxerimus

124 1552 236 1582 mutuo
266 1547 505 1594 deputandum.
540 1550 762 1594 promittimus
791 1548 960 1594 copulare.
993 1546 1057 1589 Qui
1086 1550 1113 1582 si
1137 1547 1343 1594 dispensatio
1373 1547 1469 1583 huius
1499 1560 1516 1582 a
1539 1548 1687 1595 predicta
1718 1549 1798 1583 sede
1829 1549 2013 1595 apostcdica

123 1612 188 1644 ista
217 1612 296 1644 w'ce
325 1611 489 1655 nequierit
525 1609 679 1643 obtineri.
723 1614 913 1644 contractus
943 1612 1046 1656 ipsius
1080 1612 1281 1644 matrimonii
1310 1613 1415 1644 teneri
1451 1610 1583 1645 debebit
1620 1622 1728 1656 Vsque
1765 1611 1805 1645 ad
1834 1614 2013 1645 triennium

126 1673 159 1705 in
189 1682 370 1718 suspenso,
400 1675 433 1705 et
460 1674 590 1705 interim
621 1676 763 1716 vterque
791 1676 953 1706 nostrum.
982 1671 1141 1706 videlicet
1168 1676 1234 1706 tam
1263 1671 1304 1706 D.
1340 1684 1402 1706 rex
1431 1672 1570 1707 Boemie
1599 1673 1797 1707 antedictus.
1829 1684 1926 1718 quani
1956 1685 2018 1707 nos

124 1732 218 1767 bona
248 1732 312 1767 fide
348 1744 393 1767 ex
428 1737 496 1767 toto
530 1744 631 1779 posse
668 1745 726 1779 pro
758 1733 1008 1779 dispensatione
1043 1733 1140 1767 huius
1178 1733 1366 1768 tenebimur
1399 1734 1566 1768 laborare.
1625 1734 1802 1780 Postquain
1833 1746 1915 1769 vero
1946 1737 2017 1781 ipsa

123 1794 330 1841 dispensatio
358 1794 495 1829 obtenta
525 1794 636 1834 fuerit.
667 1799 698 1828 et
726 1795 874 1841 predicta
903 1795 968 1828 filia
998 1798 1101 1842 ipsius
1130 1798 1223 1832 regis
1246 1795 1386 1830 Boemie
1416 1795 1647 1830 duodecinnnn
1679 1799 1775 1830 etatis
1805 1808 1864 1830 sue
1895 1808 2017 1830 annum

125 1857 361 1903 compleuerit:
391 1868 436 1891 ex
464 1861 542 1890 tunc
571 1859 643 1903 ipse
672 1856 713 1890 D.
744 1868 806 1890 rex
837 1856 974 1891 Boemie
1008 1860 1119 1891 statim
1156 1868 1230 1890 eain
1261 1860 1379 1891 nnn-ito
1417 1869 1478 1891 suo
1507 1857 1664 1891 Ladislao
1702 1858 1852 1904 predicto
1888 1863 2019 1892 tenetur

127 1929 236 1965 vsque
266 1918 307 1952 ad
336 1923 442 1953 metas
472 1918 633 1965 sepedicti
663 1921 758 1955 renni
789 1921 892 1952 nostri
922 1918 1095 1963 Hungarie
1125 1922 1362 1953 transmittere.
1396 1924 1427 1953 et
1457 1922 1541 1953 intra
1572 1931 1708 1954 annum.
1741 1919 1780 1953 ab
1811 1920 1887 1954 inde
1917 1932 2017 1954 com-

122 1980 303 2026 putandum
318 1983 381 2027 ipsi
403 1985 480 2014 nate
501 1991 562 2014 sue
583 1980 700 2014 deceni
727 1980 824 2014 inillia
846 1991 1045 2014 marcarum.
1076 1991 1272 2023 grossorum
1295 1981 1527 2026 l'rag‘ensiuin,
1558 1981 1642 2016 fot.
1667 1992 1808 2027 grossos
1828 1994 1888 2028 pro
1904 1993 2016 2016 marca

124 2041 272 2088 qualibet
301 2042 538 2089 computando.
579 2045 611 2076 in
642 2041 751 2076 Broda
782 2042 1002 2079 Hune-aricali
1036 2045 1171 2076 nomine
1200 2042 1337 2076 dotalitii
1375 2042 1541 2077 tenebitur
1569 2046 1765 2080 assiffliare:
1802 2055 1866 2089 qne
1896 2043 2011 2077 deceni

123 2103 222 2138 millia
265 2114 454 2138 marcarum
492 2115 554 2138 nos
590 2103 710 2137 ibideni
754 2104 943 2138 tenebimur
971 2106 1140 2150 recipere.
1180 2107 1212 2138 in
1241 2116 1382 2149 regnum
1412 2109 1580 2147 nostruin.
1618 2116 1819 2151 quoeunque
1856 2110 2006 2151 ternpore

121 2165 219 2200 nohis
238 2165 413 2212 placuerit.
443 2165 638 2200 deducituri.
670 2176 750 2211 sepe
774 2165 860 2199 dicto
882 2165 923 2200 D.
944 2177 1027 2209 reg-e
1049 2165 1188 2199 Boemie
1210 2177 1270 2212 pro
1300 2169 1468 2200 vniuersis
1491 2169 1559 2200 suis
1581 2167 1763 2211 regnicolis
1790 2169 2011 2213 promittente.

122 2226 210 2274 quod
239 2227 417 2273 Vsque-»ad
446 2232 591 2262 castrum
621 2232 769 2261 nostruin
800 2226 1069 2261 Trenchiniense
1098 2238 1218 2261 secure
1246 2227 1395 2273 predicta
1425 2230 1568 2274 pecunia
1599 2228 1790 2263 deducetur.
1828 2227 1897 2261 Nos
1926 2239 2010 2261 vero

121 2291 199 2323 vice
227 2299 330 2322 versa
357 2300 418 2335 pro
447 2289 604 2323 dotalicio
633 2289 794 2335 sepedicti
824 2288 878 2322 tilii
906 2291 1011 2323 nostri
1041 2289 1116 2323 ΧΥ.
1152 2289 1252 2323 millia
1282 2300 1471 2323 marcarum
1500 2293 1644 2335 argenti.
1675 2293 1717 2324 ita
1748 2289 1834 2334 qnod
1865 2289 2009 2334 quelibet

122 2337 164 2385 ad
205 2349 360 2384 valorem
387 2349 473 2385 Lvl.
504 2362 701 2396 grossorum
738 2350 883 2395 Pragen.
928 2362 965 2385 se
1000 2350 1176 2385 extendat.
1221 2350 1407 2386 tenebimur
1443 2354 1631 2397 assignare.
1688 2351 1887 2385 Dotaliciuin
1930 2362 2014 2384 vero

122 2411 365 2458 supradictum,
395 2411 483 2457 quod
508 2411 549 2446 ab
577 2417 720 2460 Vtroque
744 2412 848 2446 tatere
878 2416 979 2446 totuin
1009 2423 1046 2446 se
1075 2412 1225 2446 extendit
1253 2412 1294 2446 ad
1318 2412 1428 2447 XXV.
1460 2414 1571 2447 millia.
1604 2416 1634 2447 in
1666 2412 1886 2458 inti-ascriptis
1915 2411 2015 2445 bonis

122 2473 262 2508 diuisum
293 2475 355 2506 ita:
394 2472 437 2507 X.
468 2473 584 2517 millia.
615 2486 678 2520 qne
709 2486 768 2521 pro
798 2474 955 2508 dotalicio
984 2473 1048 2508 [ilie
1076 2474 1216 2520 predicti
1244 2473 1285 2508 D.
1316 2477 1408 2520 regis
1438 2474 1589 2509 Boemie.
1620 2479 1651 2508 et
1680 2473 1755 2508 XV.
1793 2473 1911 2516 millia.
1951 2484 2014 2519 que

121 2545 181 2581 pro
202 2534 350 2569 dotalitio
371 2534 491 2580 prefati
518 2534 573 2569 tilii
602 2539 706 2570 nostri
735 2536 965 2581 designantur,
989 2547 1034 2570 ex
1054 2538 1177 2570 nostris
1200 2535 1356 2570 videlicet
1379 2536 1567 2570 ciuitatibus
1590 2535 1798 2574 reginalibus
1819 2534 2010 2569 Yereuclie.

121 2595 269 2641 Segusd.
299 2595 424 2639 Labad‚
446 2595 575 2643 Chehy,
605 2597 766 2643 Arangas
789 2609 864 2632 cum
885 2600 953 2632 suis
973 2596 1161 2633 comitibus.
1191 2596 1402 2642 officialibus,
1431 2598 1520 2632 villis
1543 2602 1573 2631 et
1594 2599 1802 2643 pertinentiis
1823 2599 2008 2630 vniuersis:

121 2661 199 2692 item
238 2657 317 2692 ville
346 2657 528 2701 Steritorn.
560 2657 669 2704 Burgff
700 2659 861 2704 Sleabas,
899 2659 962 2693 due
994 2659 1072 2693 ville
1106 2658 1236 2703 Achat‚
1274 2659 1440 2703 Batcbas,
1476 2658 1619 2702 wihus„
1656 2657 1807 2705 Darary‚
1845 2657 2008 2697 Cbehinc.

1695 2719 1736 2749 313
