2325 2941
1188 141 1307 195 Π104

343 258 485 291 Civitate
514 261 612 301 atque
640 256 734 289 Dioc.
766 259 796 288 te
824 253 996 288 ferventer
1023 257 1218 299 accingens,
1254 265 1297 288 ne
1331 254 1538 288 dissimulare
1573 254 1719 289 videaris
1756 254 1842 300 quod
1878 257 1999 289 terreni
2036 258 2205 302 principes

342 318 528 351 emulantur
557 320 710 361 quantum
741 318 773 349 in
802 319 832 349 te
855 314 953 349 fuerit
974 320 1089 349 contra
1120 317 1209 360 ipsos
1238 314 1404 348 hereticos
1426 315 1603 349 credentes
1625 314 1771 349 fautores
1794 315 1989 350 defensores
2019 320 2051 350 et
2078 327 2204 362 recep-

344 383 467 412 tatores
502 388 615 410 eorum
645 379 692 410 sic
734 379 909 421 insurgere
938 376 1084 419 studeas7
1126 378 1175 410 sic
1203 375 1327 409 eisdem
1368 375 1620 421 Inquisitoribus
1661 379 1751 410 circa
1780 380 1845 409 tam
1872 378 1961 422 pium
1989 379 2202 412 commissum

343 442 392 472 eis
421 438 564 471 ol'lieiuni
605 437 780 471 salubriter
821 436 1052 482 exequendum
1094 435 1241 470 consiliis
1270 436 1402 471 auxiliis
1443 440 1476 470 et
1503 435 1674 471 favoribus
1717 438 1909 483 opportunis
1937 439 2086 480 assistas,
2115 438 2203 483 quod

343 504 397 532 tuo
426 498 590 531 mediante
631 497 790 543 suffragio
831 508 891 543 per
925 507 1040 532 eorum
1081 507 1213 531 sacrum
1254 498 1470 531 ministerium
1511 508 1551 531 ac
1578 496 1720 531 studium
1761 496 1864 542 vigile
1892 501 1926 530 et
1952 496 2202 532 sollicitudinem

344 558 543 592 indefessam
586 558 733 604 predicte
776 563 829 592 tue
858 557 983 592 Civitas
1025 561 1058 591 et
1085 556 1181 591 Dioc.
1225 556 1265 590 ab
1307 556 1495 591 huiusmodi
1523 560 1636 603 pravis
1678 560 1843 602 contagiis
1884 559 2061 592 assistente
2089 558 2202 593 divina

343 622 449 657 gratia
479 623 719 665 expurgentur.
762 630 802 652 ac
830 618 905 652 fidei
947 617 1109 652 catholice
1150 620 1238 651 nitor
1279 617 1508 664 multiplicetur
1548 622 1582 652 et
1608 618 1765 652 solidetur
1806 617 1926 652 ibidem
1962 622 1995 652 et
2022 618 2143 653 clarius
2172 624 2205 654 et

344 680 482 714 lucidius
512 680 679 714 elucescat
708 683 738 713 in
768 679 830 713 Dei
861 678 1021 713 honorem
1051 683 1083 712 ct
1111 680 1182 713 eius
1211 678 1286 712 fidei
1315 681 1554 713 incrementum
1583 678 1778 713 soliditatem
1809 683 1842 713 et
1868 683 2000 722 statum,
2029 690 2091 725 per
2117 679 2205 726 quod

343 741 383 774 ab
413 752 453 774 eo
482 743 575 775 cuius
604 752 687 785 ages
715 743 747 774 in
777 739 839 773 hac
873 744 967 785 parte
1002 742 1172 784 negotium
1209 739 1433 773 inextimabile
1469 739 1524 773 tibi
1560 742 1719 786 premium
1755 751 1944 786 compares,
1981 744 2015 774 et
2041 739 2137 775 nohis
2165 751 2206 774 ac

345 801 527 847 apostolice
556 801 624 836 sedi
654 801 764 845 dignis
807 803 838 834 in
867 800 1011 834 Domino
1053 799 1203 834 laudibus
1245 799 1527 834 commendandus
1568 811 1737 835 occurras.
1766 800 1887 834 Datum
1930 800 2102 835 Avinione
2130 800 2202 835 Kal.

343 861 420 896 Maii
449 862 550 896 Anno
579 861 747 896 Secundo.

513 923 551 956 In
580 923 720 956 enmlmn
748 923 877 956 niodum
905 921 1097 956 venerabile?
1122 923 1245 956 Fratri
1273 949 1279 956 .
1311 949 1318 956 .
1349 922 1524 967 Episcopo
1563 923 1762 956 Missineusa·
1787 926 1853 957 etc.
1892 926 1927 957 nt
1960 935 2066 968 snpra
2098 934 2204 969 usqne

344 988 377 1017 et
406 983 567 1017 limitibus
596 984 683 1017 adeo
707 987 872 1028 patenter
899 987 965 1017 ete.
995 986 1031 1016 nt
1060 985 1093 1016 in
1121 984 1239 1017 eadem
1267 994 1372 1028 nsque
1399 985 1575 1028 cupientes
1604 986 1717 1017 tamen
1739 985 1866 1017 aneaeie
1894 985 1928 1017 in
1950 985 2081 1029 Iteqtii’s
2101 985 2206 1018 terris

344 1048 377 1078 ct
407 1045 491 1079 locis
532 1045 697 1079 dictorum
741 1045 937 1089 Raptorem
981 1044 1089 1078 relati
1114 1048 1180 1078 etc.
1224 1048 1259 1078 ‘nt
1289 1046 1321 1078 in
1356 1045 1474 1078 eadem
1507 1056 1612 1089 usqne
1647 1045 1693 1078 ml
1725 1044 1961 1090 Inqm‘sz'tionis
1994 1046 2144 1089 officinm
2171 1046 2206 1079 in

341 1106 509 1150 predictis
538 1106 668 1150 Reginis
697 1105 782 1139 locis
811 1109 845 1139 et
874 1107 978 1139 terris
1006 1108 1129 1140 contra
1157 1109 1222 1139 etc.
1252 1116 1358 1150 usqne
1386 1106 1590 1150 indefessam
1614 1094 1775 1150 predicta
1804 1105 1927 1150 Regna
1956 1109 2048 1140 terre
2070 1110 2104 1140 et
2127 1106 2206 1140 loca

344 1170 408 1200 etc.
440 1170 473 1200 ut
502 1168 534 1200 in
563 1167 682 1200 eadem
706 1178 771 1211 per
799 1169 916 1200 totum.
946 1165 1075 1199 Datum
1103 1169 1139 1200 nt
1166 1177 1283 1211 snpra.

513 1227 552 1261 ln
588 1228 727 1261 eumlem
768 1227 897 1261 modum
938 1226 1130 1261 venerabile*
1168 1228 1291 1261 Fratri
1319 1254 1325 1260 .
1358 1255 1364 1260 .
1395 1227 1570 1272 Episcopo
1614 1227 1832 1261 Olomueensi
1871 1231 1937 1262 etc.
1968 1231 2004 1262 ut
2032 1229 2064 1262 in
2091 1229 2205 1273 prima

340 1300 405 1333 per
433 1292 537 1322 totuin
566 1292 695 1322 mutato
724 1290 855 1322 nomine
892 1288 1063 1322 (liz-tcale‘s.

655 1367 708 1395 <Ex
734 1368 904 1402 autographo
940 1368 1058 1402 llegesto
1088 1366 1220 1394 ,lobannis
1256 1376 1331 1402 papa-
1362 1367 1443 1394 XXll.
1469 1367 1529 1394 anni
1565 1367 1594 1394 11.
1623 1371 1690 1402 part.
1720 1367 1740 1394 1.
1766 1376 1827 1402 pag.
1855 1367 1924 1396 315.
1950 1367 2029 1402 epist.
2058 1367 2149 1396 1053.
2174 1367 2201 1396 in

753 1419 902 1446 'tabulariis
928 1419 1065 1446 Vaticanis
1090 1419 1208 1454 copiavit
1234 1420 1277 1447 lir.
1302 1420 1329 1446 B.
1354 1420 1464 1453 Dudik.)

1179 1532 1364 1566 CXXXIII.

343 1606 531 1649 Jolaeanneeq
556 1617 651 1651 papa
681 1605 802 1640 XXII.
833 1607 971 1640 mandat
1002 1633 1007 1640 .
1041 1634 1046 1639 .
1078 1607 1156 1640 daei
1185 1606 1412 1640 Cracom'ensi
1442 1608 1680 1652 episcopisque
1708 1607 1881 1652 Prayensi
1916 1587 1951 1641 et
1989 1606 2208 1642 Olonmcensi

344 1667 490 1712 aliisque
528 1666 685 1712 pluribus
723 1670 758 1700 ut
794 1668 960 1701 institutis
995 1667 1238 1701 incalescentis
1277 1669 1310 1701 in
1340 1667 1500 1712 partibus
1541 1680 1720 1713 reynerum
1760 1668 1933 1702 Boleemiae
1976 1671 2011 1702 ec
2050 1668 2205 1703 Polom‘ae

346 1728 516 1761 haereseos
541 1727 797 1773 inquisitoribus
822 1728 1002 1762 secundnm
1030 1739 1126 1762 omne
1148 1740 1243 1761 snum
1270 1740 1375 1773 posse
1400 1730 1576 1763 assistent.
1601 1729 1660 1763 Dt.
1682 1730 1854 1763 Arlnione
1878 1729 1958 1762 Kal.
1982 1728 2072 1762 Maii
2093 1727 2203 1763 1318.

517 1812 710 1866 «lohannes
740 1832 924 1879 Episcopus
954 1833 1082 1867 Servus
1111 1833 1294 1867 Servorum
1325 1833 1384 1867 Dei
1414 1833 1545 1867 Dilecto
1578 1833 1643 1868 lilio
1672 1833 1779 1867 Nobili
1816 1832 1896 1867 Viro
1927 1861 1933 1867 .
1966 1861 1972 1867 .
2002 1833 2086 1868 Duei
2116 1832 2205 1868 Cra-

345 1895 495 1926 coviensi
525 1893 661 1927 salutem
692 1898 722 1927 et
751 1894 966 1939 apostolicam
996 1893 1273 1928 benedictionem.
1312 1895 1393 1928 Cum
1429 1894 1551 1928 IIabrae
1586 1897 1686 1940 patris
1725 1894 1799 1928 lidei
1835 1899 1950 1940 typum
1984 1904 2141 1939 geramus
2169 1897 2203 1928 in

345 1953 405 1987 Dei
436 1953 578 1987 ecclesia
609 1954 683 1988 licet
712 1954 986 1989 insul'l'icientilnis
1017 1957 1140 1989 meritis
1169 1954 1364 1989 catholicam
1394 1955 1490 1989 iidem
1519 1955 1708 2001 specialiter
1737 1958 1817 1989 tueri
1848 1960 2008 1998 tenemur,
2032 1957 2202 2001 ipsiusque

345 2026 403 2059 pro
433 2014 557 2048 viribus
588 2015 719 2049 ubilibet
749 2018 951 2049 incrementa
988 2015 1184 2061 producere,
1227 2027 1266 2049 ac
1307 2027 1380 2050 eam
1410 2027 1427 2049 a
1457 2016 1676 2061 malignorum
1705 2021 1737 2050 et
1765 2026 1943 2062 pravorum
1985 2015 2203 2060 quorumlibet

345 2075 563 2109 hereticorum
593 2079 763 2120 presertim
793 2081 890 2122 atque
919 2076 1122 2111 credentium
1152 2076 1315 2110 santorum
1344 2076 1556 2111 defensorum
1586 2088 1625 2110 ac
1654 2081 1896 2123 receptatorum
1925 2075 2051 2110 illorum
2076 2075 2202 2112 dolosis

345 2136 470 2170 insidiis
503 2140 535 2170 et
563 2136 702 2170 fallaciis
747 2136 961 2171 fraudulentis
1005 2140 1199 2183 opportunis
1242 2137 1396 2172 remediis
1424 2149 1636 2184 preservare,
1679 2141 1812 2184 propter
1840 2136 1926 2182 quod
1957 2139 2057 2170 nimio
2086 2136 2201 2172 dolore

344 2197 508 2242 replemur
536 2207 610 2231 cum
641 2197 790 2231 audimus
821 2198 948 2243 aliquos
976 2198 1030 2232 vel
1060 2201 1220 2232 sentimus
1262 2198 1301 2232 ad
1332 2201 1433 2244 ipsius
1468 2198 1542 2232 lidci
1578 2198 1828 2244 depressionem
1863 2197 2093 2243 qualicumque
2121 2209 2200 2232 ma-

344 2259 491 2299 lignitate
519 2268 726 2299 consurgere
755 2263 786 2291 et
814 2259 852 2291 ad
883 2259 1128 2293 demolitionem
1158 2262 1257 2294 vinee
1286 2259 1418 2293 Domini
1455 2259 1602 2293 Sabaoth
1632 2261 1781 2304 nequiter
1809 2257 1979 2302 anhelare,
2010 2269 2098 2293 nunc
2126 2269 2200 2293 eam

344 2321 527 2352 temerariis
557 2318 772 2364 depravando
815 2319 1144 2364 reprehensionibus,
1188 2332 1274 2354 nunc
1316 2320 1398 2355 lictis
1427 2325 1458 2354 et
1487 2319 1701 2354 mendacibus
1743 2319 1965 2364 pervertendo
2006 2321 2202 2355 commentis

343 2385 395 2413 aut
425 2383 454 2413 ei
484 2379 741 2413 detractionibus
770 2379 1013 2419 arrogabilibus
1043 2380 1247 2421 derogando.
1279 2381 1370 2415 Sane
1399 2392 1464 2415 non
1493 2383 1566 2415 sine
1601 2379 1818 2413 amaritudine
1860 2380 1969 2414 cordis
2011 2383 2201 2427 accepimus

343 2440 427 2485 quod
458 2443 487 2474 in
518 2440 679 2486 aliquibus
709 2440 852 2486 partibus
895 2440 1088 2481 Regnorum
1132 2442 1268 2475 Boeniie
1310 2447 1408 2487 atque
1436 2441 1584 2480 I’olonie,
1613 2445 1643 2473 et
1674 2443 1704 2473 iu
1734 2452 1847 2474 earuin
1890 2440 2075 2476 coullnibus
2103 2445 2201 2486 atque

344 2501 496 2535 limitibus
526 2505 683 2547 precipue
712 2505 743 2535 in
772 2501 935 2542 I’rageusi
966 2502 1180 2536 (llomucensi
1210 2504 1427 2537 Cracovieusi
1457 2501 1726 2535 wratislaviensi
1756 2513 1794 2534 ac
1823 2501 2014 2536 Missinensi
2044 2502 2200 2537 Civitati-

344 2560 402 2595 bus
431 2567 461 2595 et
493 2562 691 2596 liiocesibus
720 2562 805 2596 adeo
835 2566 985 2607 patenter
1015 2562 1160 2596 heretice
1189 2563 1387 2597 infidelitatis
1416 2573 1509 2596 error
1538 2561 1684 2604 invaluit,
1714 2562 1799 2606 quod
1830 2562 1949 2596 ibidem
1970 2562 2198 2609 quamplurimi

344 2633 360 2654 a
392 2625 443 2655 via
475 2626 622 2657 veritatis
666 2634 801 2669 prorsus
844 2625 954 2657 aversi
984 2627 1099 2656 euntes
1141 2628 1214 2668 post
1241 2624 1374 2657 devium
1417 2622 1565 2657 salsitatis
1608 2634 1647 2656 ac
1675 2625 1804 2668 seipsos
1846 2623 1987 2658 diversis
2028 2627 2062 2657 et
2095 2624 2198 2658 variis
