<?xml version="1.0" encoding="UTF-8"?>
<!DOCTYPE html PUBLIC "-//W3C//DTD XHTML 1.0 Transitional//EN"
    "http://www.w3.org/TR/xhtml1/DTD/xhtml1-transitional.dtd">
<html xmlns="http://www.w3.org/1999/xhtml" xml:lang="en" lang="en">
 <head>
  <title>
</title>
<meta http-equiv="Content-Type" content="text/html;charset=utf-8" />
  <meta name='ocr-system' content='tesseract 3.04.00' />
  <meta name='ocr-capabilities' content='ocr_page ocr_carea ocr_par ocr_line ocrx_word'/>
</head>
<body>
  <div class='ocr_page' id='page_1' title='image "./codexdiplomaticu06morauoft_0227.png"; bbox 0 0 2341 3005; ppageno 0'>
   <div class='ocr_carea' id='block_1_1' title="bbox 1060 162 1132 197">
    <p class='ocr_par' dir='ltr' id='par_1_1' title="bbox 1060 162 1132 197">
     <span class='ocr_line' id='line_1_1' title="bbox 1060 162 1132 197; baseline -0.028 0"><span class='ocrx_word' id='word_1_1' title='bbox 1060 162 1132 197; x_wconf 81' lang='lat'>155</span> 
     </span>
    </p>
   </div>
   <div class='ocr_carea' id='block_1_2' title="bbox 153 277 2040 512">
    <p class='ocr_par' dir='ltr' id='par_1_2' title="bbox 153 277 2040 512">
     <span class='ocr_line' id='line_1_2' title="bbox 154 277 2039 329; baseline 0 -13"><span class='ocrx_word' id='word_1_2' title='bbox 154 284 372 329; x_wconf 66' lang='lat' dir='ltr'>possessione</span> <span class='ocrx_word' id='word_1_3' title='bbox 403 284 550 328; x_wconf 87' lang='lat' dir='ltr'>ipsorum</span> <span class='ocrx_word' id='word_1_4' title='bbox 579 279 719 327; x_wconf 82' lang='lat' dir='ltr'>pacifica</span> <span class='ocrx_word' id='word_1_5' title='bbox 748 279 888 322; x_wconf 86' lang='lat' dir='ltr'>alicuius</span> <span class='ocrx_word' id='word_1_6' title='bbox 918 281 1036 313; x_wconf 86' lang='lat' dir='ltr'>iniurie</span> <span class='ocrx_word' id='word_1_7' title='bbox 1065 282 1121 312; x_wconf 84' lang='lat' dir='ltr'>aut</span> <span class='ocrx_word' id='word_1_8' title='bbox 1148 277 1303 313; x_wconf 83' lang='lat' dir='ltr'>Molestie</span> <span class='ocrx_word' id='word_1_9' title='bbox 1334 305 1341 310; x_wconf 79' lang='lat'>.</span> <span class='ocrx_word' id='word_1_10' title='bbox 1372 305 1380 313; x_wconf 92' lang='lat'>.</span> <span class='ocrx_word' id='word_1_11' title='bbox 1412 306 1419 312; x_wconf 94' lang='lat'>.</span> <span class='ocrx_word' id='word_1_12' title='bbox 1450 279 1697 325; x_wconf 75' lang='lat' dir='ltr'>quomodolibet</span> <span class='ocrx_word' id='word_1_13' title='bbox 1726 280 1888 328; x_wconf 90' lang='lat' dir='ltr'>impedire</span> <span class='ocrx_word' id='word_1_14' title='bbox 1919 280 2039 316; x_wconf 86' lang='lat' dir='ltr'>debeat</span> 
     </span>
     <span class='ocr_line' id='line_1_3' title="bbox 153 339 2040 390; baseline 0 -12"><span class='ocrx_word' id='word_1_15' title='bbox 153 349 185 378; x_wconf 87' lang='lat' dir='ltr'>et</span> <span class='ocrx_word' id='word_1_16' title='bbox 213 348 322 390; x_wconf 80' lang='lat' dir='ltr'>queat.</span> <span class='ocrx_word' id='word_1_17' title='bbox 353 343 388 377; x_wconf 92' lang='lat' dir='ltr'>In</span> <span class='ocrx_word' id='word_1_18' title='bbox 419 346 514 377; x_wconf 86' lang='lat' dir='ltr'>cuius</span> <span class='ocrx_word' id='word_1_19' title='bbox 542 345 591 377; x_wconf 91' lang='lat' dir='ltr'>rei</span> <span class='ocrx_word' id='word_1_20' title='bbox 620 344 845 377; x_wconf 88' lang='lat' dir='ltr'>testimonium</span> <span class='ocrx_word' id='word_1_21' title='bbox 873 344 1050 387; x_wconf 80' lang='lat' dir='ltr'>presentes</span> <span class='ocrx_word' id='word_1_22' title='bbox 1079 339 1149 375; x_wconf 88' lang='lat' dir='ltr'>fieri</span> <span class='ocrx_word' id='word_1_23' title='bbox 1185 344 1217 374; x_wconf 84' lang='lat' dir='ltr'>et</span> <span class='ocrx_word' id='word_1_24' title='bbox 1245 339 1353 386; x_wconf 84' lang='lat' dir='ltr'>Sigilli</span> <span class='ocrx_word' id='word_1_25' title='bbox 1387 343 1492 375; x_wconf 83' lang='lat' dir='ltr'>nostri</span> <span class='ocrx_word' id='word_1_26' title='bbox 1528 345 1708 376; x_wconf 87' lang='lat' dir='ltr'>munimine</span> <span class='ocrx_word' id='word_1_27' title='bbox 1744 342 1885 378; x_wconf 85' lang='lat' dir='ltr'>fecimus</span> <span class='ocrx_word' id='word_1_28' title='bbox 1921 346 2040 378; x_wconf 76' lang='lat' dir='ltr'>consi-</span> 
     </span>
     <span class='ocr_line' id='line_1_4' title="bbox 153 401 2040 451; baseline 0 -11"><span class='ocrx_word' id='word_1_29' title='bbox 153 408 260 451; x_wconf 85' lang='lat' dir='ltr'>gnari.</span> <span class='ocrx_word' id='word_1_30' title='bbox 290 405 412 439; x_wconf 88' lang='lat' dir='ltr'>Datum</span> <span class='ocrx_word' id='word_1_31' title='bbox 443 407 474 439; x_wconf 91' lang='lat' dir='ltr'>in</span> <span class='ocrx_word' id='word_1_32' title='bbox 504 403 719 439; x_wconf 84' lang='lat' dir='ltr'>Benescliaw</span> <span class='ocrx_word' id='word_1_33' title='bbox 748 414 849 449; x_wconf 91' lang='lat' dir='ltr'>super</span> <span class='ocrx_word' id='word_1_34' title='bbox 873 402 1060 449; x_wconf 88' lang='lat' dir='ltr'>Oppauiam</span> <span class='ocrx_word' id='word_1_35' title='bbox 1091 402 1194 436; x_wconf 89' lang='lat' dir='ltr'>Anno</span> <span class='ocrx_word' id='word_1_36' title='bbox 1222 402 1357 436; x_wconf 86' lang='lat' dir='ltr'>Domini</span> <span class='ocrx_word' id='word_1_37' title='bbox 1385 401 1561 438; x_wconf 87' lang='lat' dir='ltr'>Millesimo</span> <span class='ocrx_word' id='word_1_38' title='bbox 1592 403 1845 440; x_wconf 85' lang='lat' dir='ltr'>Trecentesimo</span> <span class='ocrx_word' id='word_1_39' title='bbox 1875 408 2040 440; x_wconf 79' lang='lat' dir='ltr'>vicesimo</span> 
     </span>
     <span class='ocr_line' id='line_1_5' title="bbox 154 463 1684 512; baseline -0.002 -10"><span class='ocrx_word' id='word_1_40' title='bbox 154 467 317 511; x_wconf 79' lang='lat' dir='ltr'>secundo,</span> <span class='ocrx_word' id='word_1_41' title='bbox 347 465 396 501; x_wconf 63' lang='grc' dir='ltr'>ΥΟ</span> <span class='ocrx_word' id='word_1_42' title='bbox 425 465 596 501; x_wconf 81' lang='lat' dir='ltr'>Kalendas</span> <span class='ocrx_word' id='word_1_43' title='bbox 624 465 727 510; x_wconf 68' lang='lat' dir='ltr'>Junij,</span> <span class='ocrx_word' id='word_1_44' title='bbox 756 476 817 512; x_wconf 88' lang='lat' dir='ltr'>per</span> <span class='ocrx_word' id='word_1_45' title='bbox 845 476 963 499; x_wconf 89' lang='lat' dir='ltr'>manus</span> <span class='ocrx_word' id='word_1_46' title='bbox 992 463 1177 511; x_wconf 84' lang='lat' dir='ltr'>Hermanni</span> <span class='ocrx_word' id='word_1_47' title='bbox 1206 468 1320 499; x_wconf 88' lang='lat' dir='ltr'>nostre</span> <span class='ocrx_word' id='word_1_48' title='bbox 1350 463 1449 498; x_wconf 88' lang='lat' dir='ltr'>Curie</span> <span class='ocrx_word' id='word_1_49' title='bbox 1479 464 1684 510; x_wconf 85' lang='lat' dir='ltr'>Subnotarij.</span> 
     </span>
    </p>
   </div>
   <div class='ocr_carea' id='block_1_3' title="bbox 472 534 2041 621">
    <p class='ocr_par' dir='ltr' id='par_1_3' title="bbox 472 534 2041 621">
     <span class='ocr_line' id='line_1_6' title="bbox 472 534 2041 575; baseline 0.001 -10"><span class='ocrx_word' id='word_1_50' title='bbox 472 537 561 572; x_wconf 77' lang='lat' dir='ltr'>(Orig.</span> <span class='ocrx_word' id='word_1_51' title='bbox 587 537 732 564; x_wconf 82' lang='lat' dir='ltr'>membran.</span> <span class='ocrx_word' id='word_1_52' title='bbox 759 545 817 563; x_wconf 83' lang='lat' dir='ltr'>cum</span> <span class='ocrx_word' id='word_1_53' title='bbox 843 535 935 569; x_wconf 77' lang='lat' dir='ltr'>sigillo</span> <span class='ocrx_word' id='word_1_54' title='bbox 960 535 1055 570; x_wconf 88' lang='lat' dir='ltr'>majori</span> <span class='ocrx_word' id='word_1_55' title='bbox 1080 534 1213 562; x_wconf 85' lang='lat' dir='ltr'>bilaterali</span> <span class='ocrx_word' id='word_1_56' title='bbox 1238 544 1271 563; x_wconf 89' lang='lat' dir='ltr'>ex</span> <span class='ocrx_word' id='word_1_57' title='bbox 1296 540 1372 571; x_wconf 83' lang='lat' dir='ltr'>parte</span> <span class='ocrx_word' id='word_1_58' title='bbox 1397 536 1464 562; x_wconf 61' lang='lat' dir='ltr'>laeso</span> <span class='ocrx_word' id='word_1_59' title='bbox 1488 535 1514 562; x_wconf 85' lang='lat' dir='ltr'>in</span> <span class='ocrx_word' id='word_1_60' title='bbox 1530 537 1640 563; x_wconf 76' lang='lat' dir='ltr'>archivo</span> <span class='ocrx_word' id='word_1_61' title='bbox 1661 538 1781 572; x_wconf 86' lang='lat' dir='ltr'>ejusdem</span> <span class='ocrx_word' id='word_1_62' title='bbox 1798 539 1955 566; x_wconf 77' lang='lat' dir='ltr'>monasterii</span> <span class='ocrx_word' id='word_1_63' title='bbox 1971 539 2041 575; x_wconf 84' lang='lat' dir='ltr'>apud</span> 
     </span>
     <span class='ocr_line' id='line_1_7' title="bbox 574 588 1316 621; baseline 0 -4"><span class='ocrx_word' id='word_1_64' title='bbox 574 591 603 617; x_wconf 92' lang='lat' dir='ltr'>C.</span> <span class='ocrx_word' id='word_1_65' title='bbox 629 591 658 617; x_wconf 83' lang='lat' dir='ltr'>R.</span> <span class='ocrx_word' id='word_1_66' title='bbox 684 590 803 617; x_wconf 90' lang='lat' dir='ltr'>Gubern.</span> <span class='ocrx_word' id='word_1_67' title='bbox 830 589 923 616; x_wconf 77' lang='lat' dir='ltr'>Brunae</span> <span class='ocrx_word' id='word_1_68' title='bbox 949 590 997 616; x_wconf 90' lang='lat' dir='ltr'>sub</span> <span class='ocrx_word' id='word_1_69' title='bbox 1023 589 1062 616; x_wconf 91' lang='lat' dir='ltr'>lit.</span> <span class='ocrx_word' id='word_1_70' title='bbox 1088 589 1118 616; x_wconf 89' lang='lat' dir='ltr'>G.</span> <span class='ocrx_word' id='word_1_71' title='bbox 1145 589 1174 616; x_wconf 90' lang='lat'>11.</span> <span class='ocrx_word' id='word_1_72' title='bbox 1199 598 1225 617; x_wconf 87' lang='lat' dir='ltr'>n.</span> <span class='ocrx_word' id='word_1_73' title='bbox 1255 588 1316 621; x_wconf 73' lang='lat'>16.)</span> 
     </span>
    </p>
   </div>
   <div class='ocr_carea' id='block_1_4' title="bbox 153 685 2039 848">
    <p class='ocr_par' dir='ltr' id='par_1_4' title="bbox 153 685 2039 848">
     <span class='ocr_line' id='line_1_8' title="bbox 1030 685 1160 721; baseline -0.008 0"><span class='ocrx_word' id='word_1_74' title='bbox 1030 685 1160 721; x_wconf 64' lang='lat' dir='ltr'>CCVII.</span> 
     </span>
     <span class='ocr_line' id='line_1_9' title="bbox 157 747 2039 796; baseline 0 -11"><span class='ocrx_word' id='word_1_75' title='bbox 157 750 369 796; x_wconf 77' lang='lat' dir='ltr'>Compositio</span> <span class='ocrx_word' id='word_1_76' title='bbox 400 750 471 784; x_wconf 74' lang='lat' dir='ltr'>litis</span> <span class='ocrx_word' id='word_1_77' title='bbox 500 751 591 784; x_wconf 65' lang='lat' dir='ltr'>iuter</span> <span class='ocrx_word' id='word_1_78' title='bbox 619 749 772 783; x_wconf 77' lang='lat' dir='ltr'>dominos</span> <span class='ocrx_word' id='word_1_79' title='bbox 801 748 842 782; x_wconf 83' lang='lat' dir='ltr'>de</span> <span class='ocrx_word' id='word_1_80' title='bbox 865 747 1058 794; x_wconf 71' lang='lat' dir='ltr'>Stet-ubery</span> <span class='ocrx_word' id='word_1_81' title='bbox 1079 752 1112 782; x_wconf 83' lang='lat' dir='ltr'>el</span> <span class='ocrx_word' id='word_1_82' title='bbox 1135 750 1380 783; x_wconf 70' lang='lat' dir='ltr'>monasterium</span> <span class='ocrx_word' id='word_1_83' title='bbox 1408 748 1680 785; x_wconf 71' lang='lat' dir='ltr'>ll&#39;elehradense</span> <span class='ocrx_word' id='word_1_84' title='bbox 1703 751 1798 784; x_wconf 75' lang='lat' dir='ltr'>circa</span> <span class='ocrx_word' id='word_1_85' title='bbox 1824 753 2039 796; x_wconf 75' lang='lat' dir='ltr'>piscationes</span> 
     </span>
     <span class='ocr_line' id='line_1_10' title="bbox 153 810 2037 848; baseline 0.001 -2"><span class='ocrx_word' id='word_1_86' title='bbox 153 813 199 846; x_wconf 81' lang='lat' dir='ltr'>ad</span> <span class='ocrx_word' id='word_1_87' title='bbox 217 812 388 847; x_wconf 64' lang='lat' dir='ltr'>Kos-telate</span> <span class='ocrx_word' id='word_1_88' title='bbox 412 815 445 846; x_wconf 82' lang='lat' dir='ltr'>el</span> <span class='ocrx_word' id='word_1_89' title='bbox 467 811 575 846; x_wconf 74' lang='lat' dir='ltr'>sili-as</span> <span class='ocrx_word' id='word_1_90' title='bbox 595 812 641 845; x_wconf 80' lang='lat' dir='ltr'>ad</span> <span class='ocrx_word' id='word_1_91' title='bbox 661 810 854 845; x_wconf 63' lang='lat' dir='ltr'>Pele-§oeric</span> <span class='ocrx_word' id='word_1_92' title='bbox 876 814 910 844; x_wconf 76' lang='lat' dir='ltr'>et</span> <span class='ocrx_word' id='word_1_93' title='bbox 937 810 1153 845; x_wconf 44' lang='lat' dir='ltr'>&amp;eddi-onie.</span> <span class='ocrx_word' id='word_1_94' title='bbox 1183 810 1244 845; x_wconf 86' lang='lat' dir='ltr'>Dt.</span> <span class='ocrx_word' id='word_1_95' title='bbox 1273 812 1307 845; x_wconf 77' lang='lat' dir='ltr'>in</span> <span class='ocrx_word' id='word_1_96' title='bbox 1334 811 1525 847; x_wconf 61' lang='lat' dir='ltr'>H&#39;elelerad</span> <span class='ocrx_word' id='word_1_97' title='bbox 1553 811 1608 847; x_wconf 64' lang='grc' dir='ltr'>ΓΙ.</span> <span class='ocrx_word' id='word_1_98' title='bbox 1634 812 1780 846; x_wconf 76' lang='lat' dir='ltr'>Kalend.</span> <span class='ocrx_word' id='word_1_99' title='bbox 1806 812 1904 846; x_wconf 67' lang='lat' dir='ltr'>Jam’z‘</span> <span class='ocrx_word' id='word_1_100' title='bbox 1925 813 2037 848; x_wconf 74' lang='lat'>1322.</span> 
     </span>
    </p>
   </div>
   <div class='ocr_carea' id='block_1_5' title="bbox 152 880 2048 2682">
    <p class='ocr_par' dir='ltr' id='par_1_5' title="bbox 152 880 2048 2682">
     <span class='ocr_line' id='line_1_11' title="bbox 322 880 2040 945; baseline 0.001 -10"><span class='ocrx_word' id='word_1_101' title='bbox 322 880 419 945; x_wconf 62' lang='lat' dir='ltr'>&gt;Nos</span> <span class='ocrx_word' id='word_1_102' title='bbox 455 899 621 934; x_wconf 89' lang='lat' dir='ltr'>Sdezlaus</span> <span class='ocrx_word' id='word_1_103' title='bbox 657 902 772 934; x_wconf 89' lang='lat' dir='ltr'>senior</span> <span class='ocrx_word' id='word_1_104' title='bbox 807 899 847 933; x_wconf 93' lang='lat' dir='ltr'>de</span> <span class='ocrx_word' id='word_1_105' title='bbox 884 899 1102 934; x_wconf 86' lang='lat' dir='ltr'>Sternberch.</span> <span class='ocrx_word' id='word_1_106' title='bbox 1139 899 1303 934; x_wconf 87' lang='lat' dir='ltr'>Sdezlaus</span> <span class='ocrx_word' id='word_1_107' title='bbox 1339 902 1449 934; x_wconf 90' lang='lat' dir='ltr'>iunior</span> <span class='ocrx_word' id='word_1_108' title='bbox 1483 911 1632 935; x_wconf 84' lang='lat' dir='ltr'>summus</span> <span class='ocrx_word' id='word_1_109' title='bbox 1663 900 1898 936; x_wconf 82' lang='lat' dir='ltr'>Olomucensis</span> <span class='ocrx_word' id='word_1_110' title='bbox 1929 901 2040 936; x_wconf 84' lang='lat' dir='ltr'>Czude</span> 
     </span>
     <span class='ocr_line' id='line_1_12' title="bbox 155 956 2042 1010; baseline 0.001 -13"><span class='ocrx_word' id='word_1_111' title='bbox 155 962 381 1006; x_wconf 69' lang='lat' dir='ltr'>Camerarius,</span> <span class='ocrx_word' id='word_1_112' title='bbox 413 956 605 1008; x_wconf 72' lang='lat' dir='ltr'>Stephanus</span> <span class='ocrx_word' id='word_1_113' title='bbox 636 960 757 996; x_wconf 90' lang='lat' dir='ltr'>Comes</span> <span class='ocrx_word' id='word_1_114' title='bbox 787 961 827 996; x_wconf 93' lang='lat' dir='ltr'>de</span> <span class='ocrx_word' id='word_1_115' title='bbox 856 961 986 1005; x_wconf 65' lang='lat' dir='ltr'>Holicz,</span> <span class='ocrx_word' id='word_1_116' title='bbox 1016 961 1155 1008; x_wconf 82' lang='lat' dir='ltr'>predicti</span> <span class='ocrx_word' id='word_1_117' title='bbox 1185 961 1309 996; x_wconf 88' lang='lat' dir='ltr'>domini</span> <span class='ocrx_word' id='word_1_118' title='bbox 1339 961 1472 996; x_wconf 85' lang='lat' dir='ltr'>Sdezlai</span> <span class='ocrx_word' id='word_1_119' title='bbox 1503 961 1558 996; x_wconf 90' lang='lat' dir='ltr'>filii</span> <span class='ocrx_word' id='word_1_120' title='bbox 1586 961 1731 997; x_wconf 89' lang='lat' dir='ltr'>fatemur</span> <span class='ocrx_word' id='word_1_121' title='bbox 1754 967 1870 998; x_wconf 84' lang='lat' dir='ltr'>tenore</span> <span class='ocrx_word' id='word_1_122' title='bbox 1895 975 2042 1010; x_wconf 88' lang='lat' dir='ltr'>presen-</span> 
     </span>
     <span class='ocr_line' id='line_1_13' title="bbox 152 1023 2041 1069; baseline 0.001 -10"><span class='ocrx_word' id='word_1_123' title='bbox 152 1027 240 1059; x_wconf 89' lang='lat' dir='ltr'>cium</span> <span class='ocrx_word' id='word_1_124' title='bbox 268 1026 449 1060; x_wconf 86' lang='lat' dir='ltr'>vniuersis.</span> <span class='ocrx_word' id='word_1_125' title='bbox 481 1023 577 1066; x_wconf 86' lang='lat' dir='ltr'>Quod</span> <span class='ocrx_word' id='word_1_126' title='bbox 607 1035 681 1058; x_wconf 87' lang='lat' dir='ltr'>cum</span> <span class='ocrx_word' id='word_1_127' title='bbox 711 1026 796 1058; x_wconf 90' lang='lat' dir='ltr'>inter</span> <span class='ocrx_word' id='word_1_128' title='bbox 824 1023 1017 1069; x_wconf 67' lang='lat' dir='ltr'>Religiosos</span> <span class='ocrx_word' id='word_1_129' title='bbox 1047 1026 1150 1058; x_wconf 66' lang='lat' dir='ltr'>viros.</span> <span class='ocrx_word' id='word_1_130' title='bbox 1183 1023 1352 1057; x_wconf 91' lang='lat' dir='ltr'>dominum</span> <span class='ocrx_word' id='word_1_131' title='bbox 1367 1023 1575 1059; x_wconf 78' lang='lat' dir='ltr'>Friderirum</span> <span class='ocrx_word' id='word_1_132' title='bbox 1598 1023 1753 1059; x_wconf 86' lang='lat' dir='ltr'>abbatem</span> <span class='ocrx_word' id='word_1_133' title='bbox 1776 1030 1807 1059; x_wconf 89' lang='lat' dir='ltr'>et</span> <span class='ocrx_word' id='word_1_134' title='bbox 1831 1024 2041 1060; x_wconf 77' lang='lat' dir='ltr'>Conventum</span> 
     </span>
     <span class='ocr_line' id='line_1_14' title="bbox 152 1085 2043 1134; baseline 0.001 -13"><span class='ocrx_word' id='word_1_135' title='bbox 152 1085 348 1132; x_wconf 87' lang='lat' dir='ltr'>Monasterij</span> <span class='ocrx_word' id='word_1_136' title='bbox 378 1087 412 1120; x_wconf 91' lang='lat' dir='ltr'>in</span> <span class='ocrx_word' id='word_1_137' title='bbox 441 1085 641 1131; x_wconf 72' lang='lat' dir='ltr'>Weiegrad.</span> <span class='ocrx_word' id='word_1_138' title='bbox 679 1085 912 1120; x_wconf 79' lang='lat' dir='ltr'>Cisterciensis</span> <span class='ocrx_word' id='word_1_139' title='bbox 948 1085 1085 1120; x_wconf 81' lang='lat' dir='ltr'>ordinis.</span> <span class='ocrx_word' id='word_1_140' title='bbox 1124 1085 1361 1120; x_wconf 91' lang='lat' dir='ltr'>Olomucensis</span> <span class='ocrx_word' id='word_1_141' title='bbox 1398 1086 1554 1121; x_wconf 88' lang='lat' dir='ltr'>diocesis.</span> <span class='ocrx_word' id='word_1_142' title='bbox 1591 1098 1693 1133; x_wconf 90' lang='lat' dir='ltr'>super</span> <span class='ocrx_word' id='word_1_143' title='bbox 1727 1087 1976 1134; x_wconf 88' lang='lat' dir='ltr'>piscacionibus</span> <span class='ocrx_word' id='word_1_144' title='bbox 2012 1093 2043 1123; x_wconf 88' lang='lat' dir='ltr'>et</span> 
     </span>
     <span class='ocr_line' id='line_1_15' title="bbox 153 1147 2040 1196; baseline 0.001 -13"><span class='ocrx_word' id='word_1_145' title='bbox 153 1148 245 1183; x_wconf 90' lang='lat' dir='ltr'>siluis</span> <span class='ocrx_word' id='word_1_146' title='bbox 275 1147 316 1183; x_wconf 92' lang='lat' dir='ltr'>ad</span> <span class='ocrx_word' id='word_1_147' title='bbox 346 1147 516 1192; x_wconf 63' lang='lat' dir='ltr'>Costalan,</span> <span class='ocrx_word' id='word_1_148' title='bbox 547 1148 640 1183; x_wconf 91' lang='lat' dir='ltr'>siluis</span> <span class='ocrx_word' id='word_1_149' title='bbox 669 1147 710 1182; x_wconf 91' lang='lat' dir='ltr'>ad</span> <span class='ocrx_word' id='word_1_150' title='bbox 738 1147 914 1182; x_wconf 67' lang='lat' dir='ltr'>Nakanicz</span> <span class='ocrx_word' id='word_1_151' title='bbox 944 1152 976 1182; x_wconf 88' lang='lat' dir='ltr'>et</span> <span class='ocrx_word' id='word_1_152' title='bbox 1004 1147 1171 1182; x_wconf 84' lang='lat' dir='ltr'>Polswicz</span> <span class='ocrx_word' id='word_1_153' title='bbox 1200 1148 1297 1183; x_wconf 73' lang='lat' dir='ltr'>villas</span> <span class='ocrx_word' id='word_1_154' title='bbox 1326 1148 1465 1195; x_wconf 83' lang='lat' dir='ltr'>predicti</span> <span class='ocrx_word' id='word_1_155' title='bbox 1486 1147 1683 1194; x_wconf 84' lang='lat' dir='ltr'>Monasterij</span> <span class='ocrx_word' id='word_1_156' title='bbox 1714 1149 1967 1196; x_wconf 88' lang='lat' dir='ltr'>pertinentibus.</span> <span class='ocrx_word' id='word_1_157' title='bbox 1999 1162 2040 1184; x_wconf 73' lang='lat' dir='ltr'>ex</span> 
     </span>
     <span class='ocr_line' id='line_1_16' title="bbox 152 1210 2043 1258; baseline 0.001 -13"><span class='ocrx_word' id='word_1_158' title='bbox 152 1222 232 1253; x_wconf 60' lang='lat' dir='ltr'>vna„</span> <span class='ocrx_word' id='word_1_159' title='bbox 256 1221 339 1257; x_wconf 92' lang='lat' dir='ltr'>quas</span> <span class='ocrx_word' id='word_1_160' title='bbox 361 1213 574 1257; x_wconf 89' lang='lat' dir='ltr'>piscaciones</span> <span class='ocrx_word' id='word_1_161' title='bbox 594 1214 625 1244; x_wconf 90' lang='lat' dir='ltr'>et</span> <span class='ocrx_word' id='word_1_162' title='bbox 646 1210 748 1245; x_wconf 88' lang='lat' dir='ltr'>siluas</span> <span class='ocrx_word' id='word_1_163' title='bbox 771 1210 812 1244; x_wconf 91' lang='lat' dir='ltr'>ad</span> <span class='ocrx_word' id='word_1_164' title='bbox 836 1215 965 1256; x_wconf 81' lang='lat' dir='ltr'>tempus</span> <span class='ocrx_word' id='word_1_165' title='bbox 988 1210 1119 1256; x_wconf 82' lang='lat' dir='ltr'>aliquod</span> <span class='ocrx_word' id='word_1_166' title='bbox 1140 1213 1173 1244; x_wconf 94' lang='lat' dir='ltr'>in</span> <span class='ocrx_word' id='word_1_167' title='bbox 1196 1215 1310 1245; x_wconf 86' lang='lat' dir='ltr'>nostra</span> <span class='ocrx_word' id='word_1_168' title='bbox 1339 1215 1503 1257; x_wconf 83' lang='lat' dir='ltr'>potestate</span> <span class='ocrx_word' id='word_1_169' title='bbox 1524 1213 1732 1245; x_wconf 86' lang='lat' dir='ltr'>retinuimus.</span> <span class='ocrx_word' id='word_1_170' title='bbox 1757 1222 1818 1246; x_wconf 89' lang='lat' dir='ltr'>nos</span> <span class='ocrx_word' id='word_1_171' title='bbox 1841 1217 2043 1258; x_wconf 86' lang='lat' dir='ltr'>nostrosque</span> 
     </span>
     <span class='ocr_line' id='line_1_17' title="bbox 153 1271 2041 1321; baseline 0.001 -14"><span class='ocrx_word' id='word_1_172' title='bbox 153 1271 308 1317; x_wconf 73' lang='lat' dir='ltr'>heredes,</span> <span class='ocrx_word' id='word_1_173' title='bbox 331 1277 485 1319; x_wconf 81' lang='lat' dir='ltr'>exparte</span> <span class='ocrx_word' id='word_1_174' title='bbox 501 1272 606 1307; x_wconf 88' lang='lat' dir='ltr'>altera</span> <span class='ocrx_word' id='word_1_175' title='bbox 629 1275 745 1318; x_wconf 79' lang='lat' dir='ltr'>grauis</span> <span class='ocrx_word' id='word_1_176' title='bbox 769 1277 889 1306; x_wconf 80' lang='lat' dir='ltr'>exorta</span> <span class='ocrx_word' id='word_1_177' title='bbox 914 1272 1032 1307; x_wconf 89' lang='lat' dir='ltr'>fuisset</span> <span class='ocrx_word' id='word_1_178' title='bbox 1048 1275 1239 1307; x_wconf 86' lang='lat' dir='ltr'>contencio.</span> <span class='ocrx_word' id='word_1_179' title='bbox 1263 1277 1296 1307; x_wconf 87' lang='lat' dir='ltr'>et</span> <span class='ocrx_word' id='word_1_180' title='bbox 1316 1284 1376 1320; x_wconf 88' lang='lat' dir='ltr'>per</span> <span class='ocrx_word' id='word_1_181' title='bbox 1399 1272 1553 1307; x_wconf 83' lang='lat' dir='ltr'>abbatem</span> <span class='ocrx_word' id='word_1_182' title='bbox 1574 1277 1605 1307; x_wconf 89' lang='lat' dir='ltr'>et</span> <span class='ocrx_word' id='word_1_183' title='bbox 1629 1272 1839 1308; x_wconf 83' lang='lat' dir='ltr'>Conuentum</span> <span class='ocrx_word' id='word_1_184' title='bbox 1861 1274 2041 1321; x_wconf 87' lang='lat' dir='ltr'>predictos.</span> 
     </span>
     <span class='ocr_line' id='line_1_18' title="bbox 154 1334 2043 1382; baseline 0 -12"><span class='ocrx_word' id='word_1_185' title='bbox 154 1346 269 1370; x_wconf 87' lang='lat' dir='ltr'>coram</span> <span class='ocrx_word' id='word_1_186' title='bbox 294 1334 590 1370; x_wconf 90' lang='lat' dir='ltr'>conseruatoribus</span> <span class='ocrx_word' id='word_1_187' title='bbox 613 1337 675 1382; x_wconf 92' lang='lat' dir='ltr'>ipsi</span> <span class='ocrx_word' id='word_1_188' title='bbox 696 1334 903 1370; x_wconf 82' lang='lat' dir='ltr'>Monasterio</span> <span class='ocrx_word' id='word_1_189' title='bbox 926 1346 943 1369; x_wconf 91' lang='lat' dir='ltr'>a</span> <span class='ocrx_word' id='word_1_190' title='bbox 961 1334 1042 1369; x_wconf 88' lang='lat' dir='ltr'>sede</span> <span class='ocrx_word' id='word_1_191' title='bbox 1059 1335 1242 1381; x_wconf 82' lang='lat' dir='ltr'>apostolica</span> <span class='ocrx_word' id='word_1_192' title='bbox 1260 1334 1436 1382; x_wconf 71' lang='lat' dir='ltr'>deputans.</span> <span class='ocrx_word' id='word_1_193' title='bbox 1455 1347 1558 1382; x_wconf 90' lang='lat' dir='ltr'>super</span> <span class='ocrx_word' id='word_1_194' title='bbox 1573 1335 1730 1382; x_wconf 89' lang='lat' dir='ltr'>predictis</span> <span class='ocrx_word' id='word_1_195' title='bbox 1747 1339 1842 1370; x_wconf 90' lang='lat' dir='ltr'>tracti</span> <span class='ocrx_word' id='word_1_196' title='bbox 1863 1335 2043 1371; x_wconf 87' lang='lat' dir='ltr'>fuissemus</span> 
     </span>
     <span class='ocr_line' id='line_1_19' title="bbox 152 1396 2044 1444; baseline 0.001 -13"><span class='ocrx_word' id='word_1_197' title='bbox 152 1399 185 1432; x_wconf 89' lang='lat' dir='ltr'>in</span> <span class='ocrx_word' id='word_1_198' title='bbox 214 1408 365 1441; x_wconf 75' lang='lat' dir='ltr'>causam.</span> <span class='ocrx_word' id='word_1_199' title='bbox 394 1401 470 1444; x_wconf 87' lang='lat' dir='ltr'>post</span> <span class='ocrx_word' id='word_1_200' title='bbox 497 1397 618 1443; x_wconf 79' lang='lat' dir='ltr'>longas</span> <span class='ocrx_word' id='word_1_201' title='bbox 648 1399 927 1432; x_wconf 71' lang='lat' dir='ltr'>concertaciones</span> <span class='ocrx_word' id='word_1_202' title='bbox 956 1401 988 1431; x_wconf 85' lang='lat' dir='ltr'>et</span> <span class='ocrx_word' id='word_1_203' title='bbox 1017 1397 1102 1431; x_wconf 85' lang='lat' dir='ltr'>lites.</span> <span class='ocrx_word' id='word_1_204' title='bbox 1133 1399 1219 1431; x_wconf 90' lang='lat' dir='ltr'>inter</span> <span class='ocrx_word' id='word_1_205' title='bbox 1246 1408 1308 1431; x_wconf 87' lang='lat' dir='ltr'>nos</span> <span class='ocrx_word' id='word_1_206' title='bbox 1338 1396 1468 1431; x_wconf 85' lang='lat' dir='ltr'>liabitas</span> <span class='ocrx_word' id='word_1_207' title='bbox 1498 1397 1606 1432; x_wconf 79' lang='lat' dir='ltr'>nlultiS</span> <span class='ocrx_word' id='word_1_208' title='bbox 1630 1409 1731 1444; x_wconf 88' lang='lat' dir='ltr'>snper</span> <span class='ocrx_word' id='word_1_209' title='bbox 1758 1397 1821 1432; x_wconf 90' lang='lat' dir='ltr'>hoc</span> <span class='ocrx_word' id='word_1_210' title='bbox 1851 1398 2044 1444; x_wconf 87' lang='lat' dir='ltr'>preceden-</span> 
     </span>
     <span class='ocr_line' id='line_1_20' title="bbox 153 1458 2044 1506; baseline 0.001 -13"><span class='ocrx_word' id='word_1_211' title='bbox 153 1458 239 1493; x_wconf 87' lang='lat' dir='ltr'>tibus</span> <span class='ocrx_word' id='word_1_212' title='bbox 262 1458 456 1493; x_wconf 85' lang='lat' dir='ltr'>tractatibus</span> <span class='ocrx_word' id='word_1_213' title='bbox 472 1471 547 1493; x_wconf 90' lang='lat' dir='ltr'>cum</span> <span class='ocrx_word' id='word_1_214' title='bbox 571 1458 821 1495; x_wconf 88' lang='lat' dir='ltr'>deliberacione</span> <span class='ocrx_word' id='word_1_215' title='bbox 837 1464 976 1493; x_wconf 89' lang='lat' dir='ltr'>matura.</span> <span class='ocrx_word' id='word_1_216' title='bbox 998 1470 1073 1493; x_wconf 86' lang='lat' dir='ltr'>cum</span> <span class='ocrx_word' id='word_1_217' title='bbox 1090 1458 1211 1493; x_wconf 86' lang='lat' dir='ltr'>abbate</span> <span class='ocrx_word' id='word_1_218' title='bbox 1235 1463 1266 1493; x_wconf 87' lang='lat' dir='ltr'>et</span> <span class='ocrx_word' id='word_1_219' title='bbox 1288 1463 1456 1493; x_wconf 87' lang='lat' dir='ltr'>conuentu</span> <span class='ocrx_word' id='word_1_220' title='bbox 1480 1459 1649 1506; x_wconf 83' lang='lat' dir='ltr'>predictis.</span> <span class='ocrx_word' id='word_1_221' title='bbox 1674 1471 1775 1506; x_wconf 86' lang='lat' dir='ltr'>super</span> <span class='ocrx_word' id='word_1_222' title='bbox 1794 1460 2044 1506; x_wconf 81' lang='lat' dir='ltr'>piscacionibus</span> 
     </span>
     <span class='ocr_line' id='line_1_21' title="bbox 154 1520 2043 1568; baseline 0.001 -13"><span class='ocrx_word' id='word_1_223' title='bbox 154 1525 187 1555; x_wconf 88' lang='lat' dir='ltr'>et</span> <span class='ocrx_word' id='word_1_224' title='bbox 215 1521 308 1556; x_wconf 88' lang='lat' dir='ltr'>siluis</span> <span class='ocrx_word' id='word_1_225' title='bbox 336 1520 475 1567; x_wconf 88' lang='lat' dir='ltr'>prefatis</span> <span class='ocrx_word' id='word_1_226' title='bbox 504 1521 786 1555; x_wconf 87' lang='lat' dir='ltr'>concordauimus</span> <span class='ocrx_word' id='word_1_227' title='bbox 815 1524 849 1555; x_wconf 92' lang='lat' dir='ltr'>in</span> <span class='ocrx_word' id='word_1_228' title='bbox 878 1521 965 1556; x_wconf 87' lang='lat' dir='ltr'>hunc</span> <span class='ocrx_word' id='word_1_229' title='bbox 994 1521 1139 1559; x_wconf 75' lang='lat' dir='ltr'>modum.</span> <span class='ocrx_word' id='word_1_230' title='bbox 1170 1521 1258 1567; x_wconf 89' lang='lat' dir='ltr'>quod</span> <span class='ocrx_word' id='word_1_231' title='bbox 1281 1521 1385 1555; x_wconf 88' lang='lat' dir='ltr'>abbas</span> <span class='ocrx_word' id='word_1_232' title='bbox 1410 1525 1441 1556; x_wconf 88' lang='lat' dir='ltr'>et</span> <span class='ocrx_word' id='word_1_233' title='bbox 1465 1520 1660 1556; x_wconf 85' lang='lat' dir='ltr'>Conuentus</span> <span class='ocrx_word' id='word_1_234' title='bbox 1682 1521 1878 1567; x_wconf 83' lang='lat' dir='ltr'>Monasterij</span> <span class='ocrx_word' id='word_1_235' title='bbox 1905 1522 2043 1568; x_wconf 87' lang='lat' dir='ltr'>predicti</span> 
     </span>
     <span class='ocr_line' id='line_1_22' title="bbox 154 1582 2044 1630; baseline 0.001 -13"><span class='ocrx_word' id='word_1_236' title='bbox 154 1582 344 1630; x_wconf 89' lang='lat' dir='ltr'>sepedictas</span> <span class='ocrx_word' id='word_1_237' title='bbox 373 1585 586 1630; x_wconf 82' lang='lat' dir='ltr'>piscaciones</span> <span class='ocrx_word' id='word_1_238' title='bbox 616 1583 656 1617; x_wconf 90' lang='lat' dir='ltr'>de</span> <span class='ocrx_word' id='word_1_239' title='bbox 686 1583 856 1626; x_wconf 68' lang='lat' dir='ltr'>Costalan.</span> <span class='ocrx_word' id='word_1_240' title='bbox 887 1595 961 1617; x_wconf 88' lang='lat' dir='ltr'>cum</span> <span class='ocrx_word' id='word_1_241' title='bbox 991 1584 1084 1618; x_wconf 89' lang='lat' dir='ltr'>siluis</span> <span class='ocrx_word' id='word_1_242' title='bbox 1113 1583 1153 1617; x_wconf 88' lang='lat' dir='ltr'>ad</span> <span class='ocrx_word' id='word_1_243' title='bbox 1183 1586 1274 1630; x_wconf 87' lang='lat' dir='ltr'>ipsas</span> <span class='ocrx_word' id='word_1_244' title='bbox 1309 1582 1563 1630; x_wconf 88' lang='lat' dir='ltr'>pertinentibus.</span> <span class='ocrx_word' id='word_1_245' title='bbox 1598 1588 1629 1617; x_wconf 89' lang='lat' dir='ltr'>et</span> <span class='ocrx_word' id='word_1_246' title='bbox 1666 1584 1767 1617; x_wconf 86' lang='lat' dir='ltr'>siluas</span> <span class='ocrx_word' id='word_1_247' title='bbox 1803 1584 1843 1618; x_wconf 89' lang='lat' dir='ltr'>ad</span> <span class='ocrx_word' id='word_1_248' title='bbox 1877 1584 2044 1618; x_wconf 80' lang='lat' dir='ltr'>Polswicz</span> 
     </span>
     <span class='ocr_line' id='line_1_23' title="bbox 154 1644 2045 1692; baseline 0.001 -13"><span class='ocrx_word' id='word_1_249' title='bbox 154 1649 187 1679; x_wconf 83' lang='lat' dir='ltr'>et</span> <span class='ocrx_word' id='word_1_250' title='bbox 214 1644 391 1680; x_wconf 85' lang='lat' dir='ltr'>Nakanicz</span> <span class='ocrx_word' id='word_1_251' title='bbox 419 1644 516 1679; x_wconf 75' lang='lat' dir='ltr'>villas</span> <span class='ocrx_word' id='word_1_252' title='bbox 546 1647 694 1691; x_wconf 87' lang='lat' dir='ltr'>ipsorum</span> <span class='ocrx_word' id='word_1_253' title='bbox 723 1649 927 1691; x_wconf 68' lang='lat' dir='ltr'>spectantes,</span> <span class='ocrx_word' id='word_1_254' title='bbox 957 1656 1022 1691; x_wconf 88' lang='lat' dir='ltr'>que</span> <span class='ocrx_word' id='word_1_255' title='bbox 1051 1657 1068 1679; x_wconf 90' lang='lat' dir='ltr'>a</span> <span class='ocrx_word' id='word_1_256' title='bbox 1098 1645 1199 1681; x_wconf 78' lang='lat' dir='ltr'>valle.</span> <span class='ocrx_word' id='word_1_257' title='bbox 1230 1656 1294 1692; x_wconf 90' lang='lat' dir='ltr'>que</span> <span class='ocrx_word' id='word_1_258' title='bbox 1311 1645 1457 1680; x_wconf 89' lang='lat' dir='ltr'>Cladecz</span> <span class='ocrx_word' id='word_1_259' title='bbox 1486 1645 1614 1680; x_wconf 88' lang='lat' dir='ltr'>dicitur.</span> <span class='ocrx_word' id='word_1_260' title='bbox 1646 1648 1817 1692; x_wconf 88' lang='lat' dir='ltr'>incipiunt.</span> <span class='ocrx_word' id='word_1_261' title='bbox 1848 1656 1912 1691; x_wconf 85' lang='lat' dir='ltr'>que</span> <span class='ocrx_word' id='word_1_262' title='bbox 1942 1646 2045 1680; x_wconf 77' lang='lat' dir='ltr'>vide-</span> 
     </span>
     <span class='ocr_line' id='line_1_24' title="bbox 154 1706 2043 1755; baseline 0.001 -15"><span class='ocrx_word' id='word_1_263' title='bbox 154 1706 231 1741; x_wconf 91' lang='lat' dir='ltr'>licet</span> <span class='ocrx_word' id='word_1_264' title='bbox 261 1706 360 1742; x_wconf 78' lang='lat' dir='ltr'>vallis</span> <span class='ocrx_word' id='word_1_265' title='bbox 389 1711 439 1741; x_wconf 90' lang='lat' dir='ltr'>est</span> <span class='ocrx_word' id='word_1_266' title='bbox 468 1706 577 1741; x_wconf 90' lang='lat' dir='ltr'>media</span> <span class='ocrx_word' id='word_1_267' title='bbox 606 1709 694 1741; x_wconf 87' lang='lat' dir='ltr'>inter</span> <span class='ocrx_word' id='word_1_268' title='bbox 722 1718 825 1752; x_wconf 78' lang='lat' dir='ltr'>agros</span> <span class='ocrx_word' id='word_1_269' title='bbox 854 1707 895 1741; x_wconf 92' lang='lat' dir='ltr'>ad</span> <span class='ocrx_word' id='word_1_270' title='bbox 924 1707 1038 1742; x_wconf 83' lang='lat' dir='ltr'>villam</span> <span class='ocrx_word' id='word_1_271' title='bbox 1068 1707 1235 1742; x_wconf 83' lang='lat' dir='ltr'>Polswicz</span> <span class='ocrx_word' id='word_1_272' title='bbox 1270 1719 1315 1742; x_wconf 78' lang='lat' dir='ltr'>ex</span> <span class='ocrx_word' id='word_1_273' title='bbox 1343 1719 1411 1742; x_wconf 73' lang='lat' dir='ltr'>vna</span> <span class='ocrx_word' id='word_1_274' title='bbox 1440 1712 1547 1754; x_wconf 90' lang='lat' dir='ltr'>parte.</span> <span class='ocrx_word' id='word_1_275' title='bbox 1577 1712 1609 1741; x_wconf 88' lang='lat' dir='ltr'>et</span> <span class='ocrx_word' id='word_1_276' title='bbox 1638 1718 1740 1752; x_wconf 75' lang='lat' dir='ltr'>agros</span> <span class='ocrx_word' id='word_1_277' title='bbox 1770 1719 1815 1742; x_wconf 78' lang='lat' dir='ltr'>ex</span> <span class='ocrx_word' id='word_1_278' title='bbox 1844 1708 1907 1742; x_wconf 88' lang='lat' dir='ltr'>alia</span> <span class='ocrx_word' id='word_1_279' title='bbox 1938 1713 2043 1755; x_wconf 86' lang='lat' dir='ltr'>parte.</span> 
     </span>
     <span class='ocr_line' id='line_1_25' title="bbox 153 1768 2046 1815; baseline 0.001 -12"><span class='ocrx_word' id='word_1_280' title='bbox 153 1768 195 1803; x_wconf 91' lang='lat' dir='ltr'>ad</span> <span class='ocrx_word' id='word_1_281' title='bbox 226 1768 341 1804; x_wconf 83' lang='lat' dir='ltr'>villam</span> <span class='ocrx_word' id='word_1_282' title='bbox 376 1779 440 1814; x_wconf 89' lang='lat' dir='ltr'>que</span> <span class='ocrx_word' id='word_1_283' title='bbox 470 1780 574 1803; x_wconf 88' lang='lat' dir='ltr'>arena</span> <span class='ocrx_word' id='word_1_284' title='bbox 613 1768 731 1803; x_wconf 90' lang='lat' dir='ltr'>dicitur</span> <span class='ocrx_word' id='word_1_285' title='bbox 766 1771 990 1815; x_wconf 84' lang='lat' dir='ltr'>pertinentes.</span> <span class='ocrx_word' id='word_1_286' title='bbox 1035 1781 1052 1803; x_wconf 92' lang='lat' dir='ltr'>a</span> <span class='ocrx_word' id='word_1_287' title='bbox 1089 1772 1153 1804; x_wconf 88' lang='lat' dir='ltr'>iam</span> <span class='ocrx_word' id='word_1_288' title='bbox 1183 1780 1267 1804; x_wconf 82' lang='lat' dir='ltr'>vero</span> <span class='ocrx_word' id='word_1_289' title='bbox 1298 1769 1383 1803; x_wconf 89' lang='lat' dir='ltr'>dicta</span> <span class='ocrx_word' id='word_1_290' title='bbox 1413 1769 1501 1803; x_wconf 80' lang='lat' dir='ltr'>valle</span> <span class='ocrx_word' id='word_1_291' title='bbox 1531 1773 1607 1803; x_wconf 85' lang='lat' dir='ltr'>sunt</span> <span class='ocrx_word' id='word_1_292' title='bbox 1642 1769 1783 1815; x_wconf 90' lang='lat' dir='ltr'>plurima</span> <span class='ocrx_word' id='word_1_293' title='bbox 1813 1773 1930 1815; x_wconf 71' lang='lat' dir='ltr'>signa.</span> <span class='ocrx_word' id='word_1_294' title='bbox 1968 1773 2046 1804; x_wconf 87' lang='lat' dir='ltr'>eui—</span> 
     </span>
     <span class='ocr_line' id='line_1_26' title="bbox 154 1829 2045 1879; baseline 0.001 -14"><span class='ocrx_word' id='word_1_295' title='bbox 154 1830 273 1865; x_wconf 90' lang='lat' dir='ltr'>denter</span> <span class='ocrx_word' id='word_1_296' title='bbox 301 1834 412 1865; x_wconf 83' lang='lat' dir='ltr'>certos</span> <span class='ocrx_word' id='word_1_297' title='bbox 435 1829 555 1865; x_wconf 91' lang='lat' dir='ltr'>limites</span> <span class='ocrx_word' id='word_1_298' title='bbox 586 1830 855 1865; x_wconf 86' lang='lat' dir='ltr'>demonstrancia</span> <span class='ocrx_word' id='word_1_299' title='bbox 878 1842 988 1876; x_wconf 61' lang='lat' dir='ltr'>vsque</span> <span class='ocrx_word' id='word_1_300' title='bbox 1018 1831 1057 1865; x_wconf 91' lang='lat' dir='ltr'>ad</span> <span class='ocrx_word' id='word_1_301' title='bbox 1079 1835 1209 1878; x_wconf 89' lang='lat' dir='ltr'>pratum</span> <span class='ocrx_word' id='word_1_302' title='bbox 1240 1831 1327 1876; x_wconf 90' lang='lat' dir='ltr'>quod</span> <span class='ocrx_word' id='word_1_303' title='bbox 1345 1830 1592 1865; x_wconf 76' lang='lat' dir='ltr'>Czirtowaluca</span> <span class='ocrx_word' id='word_1_304' title='bbox 1623 1834 1795 1866; x_wconf 83' lang='lat' dir='ltr'>morauice</span> <span class='ocrx_word' id='word_1_305' title='bbox 1824 1837 2045 1879; x_wconf 87' lang='lat' dir='ltr'>nuncupatur.</span> 
     </span>
     <span class='ocr_line' id='line_1_27' title="bbox 156 1892 2046 1940; baseline 0.001 -14"><span class='ocrx_word' id='word_1_306' title='bbox 156 1892 305 1939; x_wconf 89' lang='lat' dir='ltr'>predicta</span> <span class='ocrx_word' id='word_1_307' title='bbox 335 1895 446 1927; x_wconf 90' lang='lat' dir='ltr'>omnia</span> <span class='ocrx_word' id='word_1_308' title='bbox 476 1892 652 1939; x_wconf 89' lang='lat' dir='ltr'>possidere</span> <span class='ocrx_word' id='word_1_309' title='bbox 682 1892 786 1927; x_wconf 88' lang='lat' dir='ltr'>libere</span> <span class='ocrx_word' id='word_1_310' title='bbox 816 1892 960 1927; x_wconf 87' lang='lat' dir='ltr'>debeant</span> <span class='ocrx_word' id='word_1_311' title='bbox 989 1898 1020 1927; x_wconf 91' lang='lat' dir='ltr'>et</span> <span class='ocrx_word' id='word_1_312' title='bbox 1049 1892 1185 1927; x_wconf 86' lang='lat' dir='ltr'>habere.</span> <span class='ocrx_word' id='word_1_313' title='bbox 1227 1892 1298 1927; x_wconf 77' lang='lat' dir='ltr'>Nos</span> <span class='ocrx_word' id='word_1_314' title='bbox 1327 1895 1416 1927; x_wconf 89' lang='lat' dir='ltr'>enim</span> <span class='ocrx_word' id='word_1_315' title='bbox 1445 1905 1489 1927; x_wconf 80' lang='lat' dir='ltr'>ex</span> <span class='ocrx_word' id='word_1_316' title='bbox 1519 1904 1606 1927; x_wconf 91' lang='lat' dir='ltr'>nunc</span> <span class='ocrx_word' id='word_1_317' title='bbox 1637 1893 1677 1927; x_wconf 90' lang='lat' dir='ltr'>de</span> <span class='ocrx_word' id='word_1_318' title='bbox 1707 1893 1863 1940; x_wconf 81' lang='lat' dir='ltr'>predictis</span> <span class='ocrx_word' id='word_1_319' title='bbox 1892 1894 2046 1929; x_wconf 80' lang='lat' dir='ltr'>omnIbus</span> 
     </span>
     <span class='ocr_line' id='line_1_28' title="bbox 153 1954 2047 2002; baseline 0.001 -14"><span class='ocrx_word' id='word_1_320' title='bbox 153 1954 304 1989; x_wconf 81' lang='lat' dir='ltr'>cedimus</span> <span class='ocrx_word' id='word_1_321' title='bbox 331 1966 393 2002; x_wconf 87' lang='lat' dir='ltr'>per</span> <span class='ocrx_word' id='word_1_322' title='bbox 420 1959 609 2002; x_wconf 64' lang='lat' dir='ltr'>presentes.</span> <span class='ocrx_word' id='word_1_323' title='bbox 646 1954 799 1989; x_wconf 89' lang='lat' dir='ltr'>nolentes</span> <span class='ocrx_word' id='word_1_324' title='bbox 835 1957 866 1989; x_wconf 91' lang='lat' dir='ltr'>in</span> <span class='ocrx_word' id='word_1_325' title='bbox 902 1954 1060 2000; x_wconf 84' lang='lat' dir='ltr'>predictis</span> <span class='ocrx_word' id='word_1_326' title='bbox 1094 1954 1337 1989; x_wconf 82' lang='lat' dir='ltr'>Monasterium</span> <span class='ocrx_word' id='word_1_327' title='bbox 1374 1957 1493 2001; x_wconf 78' lang='lat' dir='ltr'>ipsum.</span> <span class='ocrx_word' id='word_1_328' title='bbox 1530 1966 1591 2002; x_wconf 94' lang='lat' dir='ltr'>per</span> <span class='ocrx_word' id='word_1_329' title='bbox 1625 1967 1687 1989; x_wconf 86' lang='lat' dir='ltr'>nos</span> <span class='ocrx_word' id='word_1_330' title='bbox 1716 1955 1769 1989; x_wconf 89' lang='lat' dir='ltr'>uel</span> <span class='ocrx_word' id='word_1_331' title='bbox 1805 1960 1939 1990; x_wconf 80' lang='lat' dir='ltr'>nostros</span> <span class='ocrx_word' id='word_1_332' title='bbox 1968 1968 2047 1990; x_wconf 91' lang='lat' dir='ltr'>mo-</span> 
     </span>
     <span class='ocr_line' id='line_1_29' title="bbox 156 2016 2048 2064; baseline 0.001 -13"><span class='ocrx_word' id='word_1_333' title='bbox 156 2016 279 2051; x_wconf 85' lang='lat' dir='ltr'>lestare</span> <span class='ocrx_word' id='word_1_334' title='bbox 308 2016 350 2051; x_wconf 92' lang='lat' dir='ltr'>de</span> <span class='ocrx_word' id='word_1_335' title='bbox 378 2021 493 2051; x_wconf 89' lang='lat' dir='ltr'>cetero</span> <span class='ocrx_word' id='word_1_336' title='bbox 522 2017 576 2051; x_wconf 90' lang='lat' dir='ltr'>uel</span> <span class='ocrx_word' id='word_1_337' title='bbox 605 2016 855 2063; x_wconf 86' lang='lat' dir='ltr'>quomodolibet</span> <span class='ocrx_word' id='word_1_338' title='bbox 882 2016 1092 2064; x_wconf 87' lang='lat' dir='ltr'>perturbare.</span> <span class='ocrx_word' id='word_1_339' title='bbox 1150 2016 1278 2051; x_wconf 85' lang='lat' dir='ltr'>Siluani</span> <span class='ocrx_word' id='word_1_340' title='bbox 1306 2028 1389 2052; x_wconf 81' lang='lat' dir='ltr'>vero</span> <span class='ocrx_word' id='word_1_341' title='bbox 1420 2029 1438 2051; x_wconf 89' lang='lat' dir='ltr'>a</span> <span class='ocrx_word' id='word_1_342' title='bbox 1469 2016 1715 2051; x_wconf 84' lang='lat' dir='ltr'>Czirtoualuca.</span> <span class='ocrx_word' id='word_1_343' title='bbox 1746 2028 1811 2063; x_wconf 88' lang='lat' dir='ltr'>que</span> <span class='ocrx_word' id='word_1_344' title='bbox 1840 2018 2048 2064; x_wconf 87' lang='lat' dir='ltr'>protenditur</span> 
     </span>
     <span class='ocr_line' id='line_1_30' title="bbox 158 2078 2046 2126; baseline 0.001 -14"><span class='ocrx_word' id='word_1_345' title='bbox 158 2089 177 2112; x_wconf 88' lang='lat' dir='ltr'>a</span> <span class='ocrx_word' id='word_1_346' title='bbox 206 2078 282 2112; x_wconf 88' lang='lat' dir='ltr'>tilea</span> <span class='ocrx_word' id='word_1_347' title='bbox 312 2078 468 2124; x_wconf 65' lang='lat' dir='ltr'>quadam,</span> <span class='ocrx_word' id='word_1_348' title='bbox 499 2081 531 2113; x_wconf 91' lang='lat' dir='ltr'>in</span> <span class='ocrx_word' id='word_1_349' title='bbox 561 2090 625 2125; x_wconf 89' lang='lat' dir='ltr'>qua</span> <span class='ocrx_word' id='word_1_350' title='bbox 654 2083 742 2113; x_wconf 88' lang='lat' dir='ltr'>mete</span> <span class='ocrx_word' id='word_1_351' title='bbox 776 2082 868 2126; x_wconf 91' lang='lat' dir='ltr'>prius</span> <span class='ocrx_word' id='word_1_352' title='bbox 903 2081 1036 2124; x_wconf 67' lang='lat' dir='ltr'>signate</span> <span class='ocrx_word' id='word_1_353' title='bbox 1073 2079 1236 2123; x_wconf 64' lang='lat' dir='ltr'>dicuntur.</span> <span class='ocrx_word' id='word_1_354' title='bbox 1272 2078 1376 2113; x_wconf 88' lang='lat' dir='ltr'>abbas</span> <span class='ocrx_word' id='word_1_355' title='bbox 1413 2083 1443 2113; x_wconf 87' lang='lat' dir='ltr'>et</span> <span class='ocrx_word' id='word_1_356' title='bbox 1479 2078 1599 2114; x_wconf 89' lang='lat' dir='ltr'>fratres</span> <span class='ocrx_word' id='word_1_357' title='bbox 1633 2079 1783 2126; x_wconf 86' lang='lat' dir='ltr'>predicti.</span> <span class='ocrx_word' id='word_1_358' title='bbox 1820 2083 1894 2114; x_wconf 87' lang='lat' dir='ltr'>sine</span> <span class='ocrx_word' id='word_1_359' title='bbox 1930 2085 2046 2114; x_wconf 82' lang='lat' dir='ltr'>nostro</span> 
     </span>
     <span class='ocr_line' id='line_1_31' title="bbox 157 2139 2047 2188; baseline 0.001 -14"><span class='ocrx_word' id='word_1_360' title='bbox 157 2139 395 2186; x_wconf 88' lang='lat' dir='ltr'>impedimento</span> <span class='ocrx_word' id='word_1_361' title='bbox 424 2140 570 2187; x_wconf 86' lang='lat' dir='ltr'>qualibet</span> <span class='ocrx_word' id='word_1_362' title='bbox 598 2145 734 2175; x_wconf 79' lang='lat' dir='ltr'>teneant</span> <span class='ocrx_word' id='word_1_363' title='bbox 763 2145 794 2175; x_wconf 89' lang='lat' dir='ltr'>et</span> <span class='ocrx_word' id='word_1_364' title='bbox 824 2140 981 2184; x_wconf 72' lang='lat' dir='ltr'>habeant.</span> <span class='ocrx_word' id='word_1_365' title='bbox 1011 2143 1095 2175; x_wconf 91' lang='lat' dir='ltr'>sicut</span> <span class='ocrx_word' id='word_1_366' title='bbox 1125 2144 1155 2175; x_wconf 92' lang='lat' dir='ltr'>in</span> <span class='ocrx_word' id='word_1_367' title='bbox 1186 2141 1372 2188; x_wconf 75' lang='lat' dir='ltr'>priuilegijs</span> <span class='ocrx_word' id='word_1_368' title='bbox 1401 2141 1495 2175; x_wconf 85' lang='lat' dir='ltr'>dietis</span> <span class='ocrx_word' id='word_1_369' title='bbox 1516 2144 1578 2188; x_wconf 87' lang='lat' dir='ltr'>ipsi</span> <span class='ocrx_word' id='word_1_370' title='bbox 1606 2141 1815 2176; x_wconf 82' lang='lat' dir='ltr'>Monasterio</span> <span class='ocrx_word' id='word_1_371' title='bbox 1844 2153 1904 2188; x_wconf 84' lang='lat' dir='ltr'>per</span> <span class='ocrx_word' id='word_1_372' title='bbox 1933 2141 2047 2187; x_wconf 73' lang='lat' dir='ltr'>Reges</span> 
     </span>
     <span class='ocr_line' id='line_1_32' title="bbox 157 2200 2045 2250; baseline 0.001 -15"><span class='ocrx_word' id='word_1_373' title='bbox 157 2200 307 2245; x_wconf 58' lang='lat' dir='ltr'>Boemie³</span> <span class='ocrx_word' id='word_1_374' title='bbox 338 2206 371 2236; x_wconf 88' lang='lat' dir='ltr'>et</span> <span class='ocrx_word' id='word_1_375' title='bbox 398 2205 568 2250; x_wconf 86' lang='lat' dir='ltr'>principes</span> <span class='ocrx_word' id='word_1_376' title='bbox 596 2202 762 2246; x_wconf 63' lang='lat' dir='ltr'>Morauie‚</span> <span class='ocrx_word' id='word_1_377' title='bbox 793 2202 989 2237; x_wconf 86' lang='lat' dir='ltr'>fundatores</span> <span class='ocrx_word' id='word_1_378' title='bbox 1018 2205 1122 2250; x_wconf 84' lang='lat' dir='ltr'>ipsius</span> <span class='ocrx_word' id='word_1_379' title='bbox 1150 2202 1346 2247; x_wconf 79' lang='lat' dir='ltr'>Monasterij</span> <span class='ocrx_word' id='word_1_380' title='bbox 1378 2205 1577 2237; x_wconf 88' lang='lat' dir='ltr'>continetur.</span> <span class='ocrx_word' id='word_1_381' title='bbox 1634 2203 1870 2237; x_wconf 85' lang='lat' dir='ltr'>Promittentes</span> <span class='ocrx_word' id='word_1_382' title='bbox 1899 2203 2045 2237; x_wconf 87' lang='lat' dir='ltr'>firmiter.</span> 
     </span>
     <span class='ocr_line' id='line_1_33' title="bbox 155 2263 2045 2312; baseline 0.002 -16"><span class='ocrx_word' id='word_1_383' title='bbox 155 2265 245 2297; x_wconf 87' lang='lat' dir='ltr'>omni</span> <span class='ocrx_word' id='word_1_384' title='bbox 282 2263 358 2297; x_wconf 90' lang='lat' dir='ltr'>dolo</span> <span class='ocrx_word' id='word_1_385' title='bbox 392 2268 425 2298; x_wconf 83' lang='lat' dir='ltr'>et</span> <span class='ocrx_word' id='word_1_386' title='bbox 455 2264 586 2299; x_wconf 83' lang='lat' dir='ltr'>malicia</span> <span class='ocrx_word' id='word_1_387' title='bbox 618 2264 766 2299; x_wconf 78' lang='lat' dir='ltr'>exclusis</span> <span class='ocrx_word' id='word_1_388' title='bbox 795 2264 994 2299; x_wconf 83' lang='lat' dir='ltr'>rancoribus</span> <span class='ocrx_word' id='word_1_389' title='bbox 1024 2264 1197 2308; x_wconf 66' lang='lat' dir='ltr'>omnibus.</span> <span class='ocrx_word' id='word_1_390' title='bbox 1227 2276 1312 2310; x_wconf 90' lang='lat' dir='ltr'>quos</span> <span class='ocrx_word' id='word_1_391' title='bbox 1342 2277 1386 2299; x_wconf 81' lang='lat' dir='ltr'>ex</span> <span class='ocrx_word' id='word_1_392' title='bbox 1415 2268 1527 2299; x_wconf 86' lang='lat' dir='ltr'>causis</span> <span class='ocrx_word' id='word_1_393' title='bbox 1556 2265 1713 2312; x_wconf 90' lang='lat' dir='ltr'>predictis</span> <span class='ocrx_word' id='word_1_394' title='bbox 1743 2270 1858 2299; x_wconf 88' lang='lat' dir='ltr'>contra</span> <span class='ocrx_word' id='word_1_395' title='bbox 1890 2265 2045 2300; x_wconf 82' lang='lat' dir='ltr'>abbatem</span> 
     </span>
     <span class='ocr_line' id='line_1_34' title="bbox 156 2326 2048 2374; baseline 0.002 -16"><span class='ocrx_word' id='word_1_396' title='bbox 156 2329 187 2358; x_wconf 91' lang='lat' dir='ltr'>et</span> <span class='ocrx_word' id='word_1_397' title='bbox 217 2329 419 2359; x_wconf 86' lang='lat' dir='ltr'>conuentum</span> <span class='ocrx_word' id='word_1_398' title='bbox 447 2326 616 2372; x_wconf 90' lang='lat' dir='ltr'>predictos</span> <span class='ocrx_word' id='word_1_399' title='bbox 649 2326 826 2361; x_wconf 90' lang='lat' dir='ltr'>habuimus</span> <span class='ocrx_word' id='word_1_400' title='bbox 860 2338 878 2360; x_wconf 90' lang='lat' dir='ltr'>a</span> <span class='ocrx_word' id='word_1_401' title='bbox 907 2326 1064 2361; x_wconf 80' lang='lat' dir='ltr'>cordibus</span> <span class='ocrx_word' id='word_1_402' title='bbox 1101 2329 1222 2361; x_wconf 85' lang='lat' dir='ltr'>nostris</span> <span class='ocrx_word' id='word_1_403' title='bbox 1257 2326 1382 2361; x_wconf 79' lang='lat' dir='ltr'>auulsis</span> <span class='ocrx_word' id='word_1_404' title='bbox 1410 2330 1544 2374; x_wconf 90' lang='lat' dir='ltr'>penitus</span> <span class='ocrx_word' id='word_1_405' title='bbox 1573 2332 1605 2362; x_wconf 89' lang='lat' dir='ltr'>et</span> <span class='ocrx_word' id='word_1_406' title='bbox 1634 2327 1789 2361; x_wconf 81' lang='lat' dir='ltr'>dimissis.</span> <span class='ocrx_word' id='word_1_407' title='bbox 1826 2326 1980 2361; x_wconf 82' lang='lat' dir='ltr'>abbatem</span> <span class='ocrx_word' id='word_1_408' title='bbox 2016 2332 2048 2361; x_wconf 86' lang='lat' dir='ltr'>et</span> 
     </span>
     <span class='ocr_line' id='line_1_35' title="bbox 156 2386 2048 2436; baseline 0.001 -15"><span class='ocrx_word' id='word_1_409' title='bbox 156 2386 278 2421; x_wconf 85' lang='lat' dir='ltr'>fratres</span> <span class='ocrx_word' id='word_1_410' title='bbox 307 2389 399 2433; x_wconf 88' lang='lat' dir='ltr'>ipsos</span> <span class='ocrx_word' id='word_1_411' title='bbox 429 2389 461 2421; x_wconf 91' lang='lat' dir='ltr'>in</span> <span class='ocrx_word' id='word_1_412' title='bbox 490 2391 645 2434; x_wconf 88' lang='lat' dir='ltr'>personis</span> <span class='ocrx_word' id='word_1_413' title='bbox 674 2392 706 2423; x_wconf 89' lang='lat' dir='ltr'>et</span> <span class='ocrx_word' id='word_1_414' title='bbox 734 2387 831 2423; x_wconf 85' lang='lat' dir='ltr'>bonis</span> <span class='ocrx_word' id='word_1_415' title='bbox 862 2391 1009 2434; x_wconf 86' lang='lat' dir='ltr'>ipsorum</span> <span class='ocrx_word' id='word_1_416' title='bbox 1045 2400 1125 2436; x_wconf 85' lang='lat' dir='ltr'>pura</span> <span class='ocrx_word' id='word_1_417' title='bbox 1162 2388 1226 2422; x_wconf 86' lang='lat' dir='ltr'>lide</span> <span class='ocrx_word' id='word_1_418' title='bbox 1261 2400 1463 2436; x_wconf 88' lang='lat' dir='ltr'>promouere</span> <span class='ocrx_word' id='word_1_419' title='bbox 1499 2392 1645 2433; x_wconf 73' lang='lat' dir='ltr'>sineere.</span> <span class='ocrx_word' id='word_1_420' title='bbox 1681 2389 1958 2435; x_wconf 79' lang='lat' dir='ltr'>quandocumque</span> <span class='ocrx_word' id='word_1_421' title='bbox 1987 2400 2048 2435; x_wconf 85' lang='lat' dir='ltr'>per</span> 
     </span>
     <span class='ocr_line' id='line_1_36' title="bbox 156 2447 2047 2497; baseline 0.001 -15"><span class='ocrx_word' id='word_1_422' title='bbox 156 2451 247 2495; x_wconf 88' lang='lat' dir='ltr'>ipsos</span> <span class='ocrx_word' id='word_1_423' title='bbox 276 2447 438 2483; x_wconf 86' lang='lat' dir='ltr'>fuerimus</span> <span class='ocrx_word' id='word_1_424' title='bbox 468 2452 628 2495; x_wconf 81' lang='lat' dir='ltr'>requisiti.</span> <span class='ocrx_word' id='word_1_425' title='bbox 659 2450 817 2485; x_wconf 87' lang='lat' dir='ltr'>Preterea</span> <span class='ocrx_word' id='word_1_426' title='bbox 848 2453 874 2485; x_wconf 82' lang='lat' dir='ltr'>si</span> <span class='ocrx_word' id='word_1_427' title='bbox 904 2462 966 2484; x_wconf 85' lang='lat' dir='ltr'>nos</span> <span class='ocrx_word' id='word_1_428' title='bbox 995 2455 1051 2485; x_wconf 88' lang='lat' dir='ltr'>aut</span> <span class='ocrx_word' id='word_1_429' title='bbox 1081 2450 1165 2485; x_wconf 80' lang='lat' dir='ltr'>tilios</span> <span class='ocrx_word' id='word_1_430' title='bbox 1188 2455 1334 2485; x_wconf 89' lang='lat' dir='ltr'>nostros.</span> <span class='ocrx_word' id='word_1_431' title='bbox 1365 2451 1418 2485; x_wconf 87' lang='lat' dir='ltr'>uel</span> <span class='ocrx_word' id='word_1_432' title='bbox 1451 2451 1581 2497; x_wconf 90' lang='lat' dir='ltr'>aliquos</span> <span class='ocrx_word' id='word_1_433' title='bbox 1610 2450 1650 2485; x_wconf 91' lang='lat' dir='ltr'>de</span> <span class='ocrx_word' id='word_1_434' title='bbox 1680 2453 1804 2485; x_wconf 86' lang='lat' dir='ltr'>nostris</span> <span class='ocrx_word' id='word_1_435' title='bbox 1827 2450 2047 2485; x_wconf 81' lang='lat' dir='ltr'>seruitoribus</span> 
     </span>
     <span class='ocr_line' id='line_1_37' title="bbox 159 2510 2047 2559; baseline 0.001 -15"><span class='ocrx_word' id='word_1_436' title='bbox 159 2514 301 2545; x_wconf 74' lang='lat' dir='ltr'>vocatos</span> <span class='ocrx_word' id='word_1_437' title='bbox 330 2522 391 2557; x_wconf 86' lang='lat' dir='ltr'>per</span> <span class='ocrx_word' id='word_1_438' title='bbox 419 2510 587 2545; x_wconf 87' lang='lat' dir='ltr'>dominum</span> <span class='ocrx_word' id='word_1_439' title='bbox 616 2511 747 2558; x_wconf 83' lang='lat' dir='ltr'>Regem</span> <span class='ocrx_word' id='word_1_440' title='bbox 777 2512 817 2546; x_wconf 91' lang='lat' dir='ltr'>ad</span> <span class='ocrx_word' id='word_1_441' title='bbox 848 2511 1105 2559; x_wconf 81' lang='lat' dir='ltr'>expedicionem</span> <span class='ocrx_word' id='word_1_442' title='bbox 1136 2515 1278 2546; x_wconf 87' lang='lat' dir='ltr'>transire</span> <span class='ocrx_word' id='word_1_443' title='bbox 1307 2515 1499 2559; x_wconf 81' lang='lat' dir='ltr'>contigerit,</span> <span class='ocrx_word' id='word_1_444' title='bbox 1535 2512 1633 2547; x_wconf 86' lang='lat' dir='ltr'>bonis</span> <span class='ocrx_word' id='word_1_445' title='bbox 1670 2515 1818 2559; x_wconf 85' lang='lat' dir='ltr'>ipsorum</span> <span class='ocrx_word' id='word_1_446' title='bbox 1846 2515 1879 2546; x_wconf 91' lang='lat' dir='ltr'>in</span> <span class='ocrx_word' id='word_1_447' title='bbox 1908 2515 2047 2547; x_wconf 80' lang='lat' dir='ltr'>transitu</span> 
     </span>
     <span class='ocr_line' id='line_1_38' title="bbox 157 2571 2046 2620; baseline 0.001 -14"><span class='ocrx_word' id='word_1_448' title='bbox 157 2575 190 2606; x_wconf 78' lang='lat' dir='ltr'>et</span> <span class='ocrx_word' id='word_1_449' title='bbox 217 2571 324 2606; x_wconf 84' lang='lat' dir='ltr'>reditu</span> <span class='ocrx_word' id='word_1_450' title='bbox 353 2583 495 2619; x_wconf 86' lang='lat' dir='ltr'>parcere</span> <span class='ocrx_word' id='word_1_451' title='bbox 523 2573 690 2608; x_wconf 68' lang='lat' dir='ltr'>volumus.</span> <span class='ocrx_word' id='word_1_452' title='bbox 721 2576 752 2608; x_wconf 90' lang='lat' dir='ltr'>in</span> <span class='ocrx_word' id='word_1_453' title='bbox 783 2579 940 2620; x_wconf 85' lang='lat' dir='ltr'>quantum</span> <span class='ocrx_word' id='word_1_454' title='bbox 969 2585 1147 2620; x_wconf 89' lang='lat' dir='ltr'>possumus</span> <span class='ocrx_word' id='word_1_455' title='bbox 1176 2578 1209 2608; x_wconf 87' lang='lat' dir='ltr'>et</span> <span class='ocrx_word' id='word_1_456' title='bbox 1236 2574 1400 2609; x_wconf 85' lang='lat' dir='ltr'>valemus.</span> <span class='ocrx_word' id='word_1_457' title='bbox 1430 2574 1475 2609; x_wconf 72' lang='lat' dir='ltr'>Vt</span> <span class='ocrx_word' id='word_1_458' title='bbox 1503 2579 1614 2609; x_wconf 88' lang='lat' dir='ltr'>autem</span> <span class='ocrx_word' id='word_1_459' title='bbox 1637 2574 1700 2608; x_wconf 87' lang='lat' dir='ltr'>hec</span> <span class='ocrx_word' id='word_1_460' title='bbox 1723 2576 1834 2607; x_wconf 89' lang='lat' dir='ltr'>onmia</span> <span class='ocrx_word' id='word_1_461' title='bbox 1858 2578 1889 2608; x_wconf 87' lang='lat' dir='ltr'>et</span> <span class='ocrx_word' id='word_1_462' title='bbox 1914 2574 2046 2619; x_wconf 78' lang='lat' dir='ltr'>singula</span> 
     </span>
     <span class='ocr_line' id='line_1_39' title="bbox 156 2633 2048 2682; baseline 0.002 -15"><span class='ocrx_word' id='word_1_463' title='bbox 156 2644 217 2680; x_wconf 88' lang='lat' dir='ltr'>per</span> <span class='ocrx_word' id='word_1_464' title='bbox 251 2644 314 2668; x_wconf 93' lang='lat' dir='ltr'>nos</span> <span class='ocrx_word' id='word_1_465' title='bbox 349 2633 560 2680; x_wconf 84' lang='lat' dir='ltr'>heredesque</span> <span class='ocrx_word' id='word_1_466' title='bbox 596 2640 727 2670; x_wconf 84' lang='lat' dir='ltr'>nostros</span> <span class='ocrx_word' id='word_1_467' title='bbox 763 2635 1001 2670; x_wconf 90' lang='lat' dir='ltr'>inuiolabiliter</span> <span class='ocrx_word' id='word_1_468' title='bbox 1033 2635 1274 2681; x_wconf 65' lang='lat' dir='ltr'>obseruentur.</span> <span class='ocrx_word' id='word_1_469' title='bbox 1310 2636 1514 2672; x_wconf 76' lang='lat' dir='ltr'>venerabilis</span> <span class='ocrx_word' id='word_1_470' title='bbox 1551 2640 1582 2670; x_wconf 89' lang='lat' dir='ltr'>in</span> <span class='ocrx_word' id='word_1_471' title='bbox 1618 2636 1750 2670; x_wconf 86' lang='lat' dir='ltr'>Christo</span> <span class='ocrx_word' id='word_1_472' title='bbox 1785 2638 1887 2682; x_wconf 88' lang='lat' dir='ltr'>patris</span> <span class='ocrx_word' id='word_1_473' title='bbox 1924 2635 2048 2670; x_wconf 88' lang='lat' dir='ltr'>domini</span> 
     </span>
    </p>
   </div>
   <div class='ocr_carea' id='block_1_6' title="bbox 157 2694 2046 2787">
    <p class='ocr_par' dir='ltr' id='par_1_6' title="bbox 157 2694 2046 2787">
     <span class='ocr_line' id='line_1_40' title="bbox 157 2694 2046 2744; baseline 0.001 -15"><span class='ocrx_word' id='word_1_474' title='bbox 157 2694 301 2730; x_wconf 89' lang='lat' dir='ltr'>Conradi</span> <span class='ocrx_word' id='word_1_475' title='bbox 326 2695 562 2730; x_wconf 85' lang='lat' dir='ltr'>Olomucensis</span> <span class='ocrx_word' id='word_1_476' title='bbox 583 2695 752 2744; x_wconf 59' lang='lat' dir='ltr'>Episcopi.</span> <span class='ocrx_word' id='word_1_477' title='bbox 777 2703 940 2742; x_wconf 76' lang='lat' dir='ltr'>nostrum,</span> <span class='ocrx_word' id='word_1_478' title='bbox 965 2697 1173 2744; x_wconf 86' lang='lat' dir='ltr'>liliorumque</span> <span class='ocrx_word' id='word_1_479' title='bbox 1195 2703 1387 2733; x_wconf 86' lang='lat' dir='ltr'>nostrorum</span> <span class='ocrx_word' id='word_1_480' title='bbox 1407 2699 1542 2733; x_wconf 85' lang='lat' dir='ltr'>Sdezlai</span> <span class='ocrx_word' id='word_1_481' title='bbox 1563 2703 1595 2732; x_wconf 90' lang='lat' dir='ltr'>et</span> <span class='ocrx_word' id='word_1_482' title='bbox 1618 2697 1779 2744; x_wconf 89' lang='lat' dir='ltr'>Stephani</span> <span class='ocrx_word' id='word_1_483' title='bbox 1809 2697 2046 2743; x_wconf 62' lang='lat' dir='ltr'>predictorum.</span> 
     </span>
     <span class='ocr_line' id='line_1_41' title="bbox 1779 2758 1838 2787; baseline 0 0"><span class='ocrx_word' id='word_1_484' title='bbox 1779 2758 1838 2787; x_wconf 63' lang='lat'>⁶20*</span> 
     </span>
    </p>
   </div>
  </div>
 </body>
</html>
