2357 3021
1106 147 1153 182 35

193 270 263 303 suis
291 270 455 310 emerunt,
486 270 518 300 et
545 268 666 311 viginti
694 267 839 311 quinque
866 266 981 310 pecias
1010 268 1098 298 terre
1126 266 1283 306 arat-orie,
1313 274 1377 308 que
1406 263 1590 308 vulgariter
1623 265 1705 309 wyri
1736 268 1913 298 vocantur.
1948 263 2068 298 ibidem

194 332 227 364 in
248 329 428 362 Morawan
457 327 498 361 ad
526 331 658 361 nostras
687 330 838 360 araturas
867 330 1070 372 spectantes„
1100 336 1164 371 que
1192 324 1319 359 faciunt
1347 324 1429 359 duos
1457 324 1585 359 laneos.
1615 324 1731 359 rubum
1761 336 1892 371 quoque
1921 329 2069 359 nostrum

193 390 328 433 ibidem,
358 392 413 434 qui
442 388 623 423 Roclcinlca
653 387 783 427 dicitur„
800 391 832 421 et
859 391 988 434 pratum
1016 391 1167 421 nostrum
1191 387 1288 431 juxta
1316 386 1459 420 rivulum
1490 385 1693 420 Gobrawam
1723 389 1831 431 situm,
1861 391 1892 421 et
1921 386 2069 431 ejusdem

193 451 291 486 rivuli
319 451 407 486 littus
435 462 548 495 unum,
578 451 672 495 cujus
702 449 841 483 alterum
870 452 1012 495 pertinet
1048 448 1089 482 ad
1117 448 1296 482 Dominum
1337 447 1539 484 Wsnatleam
1568 448 1608 482 de
1637 448 1797 483 Lomm'cz-
1832 451 1864 482 in
1894 451 2068 495 presencia

194 512 391 548 Reverendi
420 515 453 547 in
483 511 613 546 Christo
649 511 756 545 Patris
791 515 823 545 et
857 510 991 544 Domini
1024 510 1159 544 Domini
1193 509 1364 544 ‚Iohannis
1398 509 1603 544 venerabilis
1642 509 1875 544 Olomuceusz's
1912 510 2069 556 Episcopi

194 586 269 609 cum
298 573 453 609 omnibus
481 578 514 608 et
541 572 681 618 singulis
705 571 847 617 juribus.
878 574 1104 618 pertinenciis.
1134 571 1339 615 utilitatibus,
1369 575 1403 605 et
1430 570 1709 605 obvencionibus.
1735 583 1773 605 ac
1796 571 1942 616 qualibet
1965 571 2072 606 liber—

194 641 262 671 tate
303 635 528 683 principaliter
568 638 704 681 propter
744 633 865 676 Deunn
909 638 939 668 et
982 633 1197 680 plurimorum
1245 632 1462 679 dampnorum
1509 643 1777 679 recompensann
1820 645 1884 678 que
1930 633 2070 680 predicti

194 698 388 745 Prepesitus
417 701 450 732 et
475 696 596 731 fratres
624 700 760 742 propter
788 706 861 730 nos.
892 707 950 729 sua
980 694 1067 729 bona
1104 693 1294 738 alienando,
1337 694 1421 741 proli
1449 694 1546 728 dolor
1587 699 1662 729 sunt
1702 698 1865 741 perpessi.
1909 695 2070 737 dedimus,

195 760 406 803 donavimus,
436 763 470 793 et
497 757 701 801 tradtdnnus,
731 761 764 791 et
791 760 823 791 in
853 759 943 803 ipsos
972 768 1016 790 ex
1044 761 1136 790 certa
1166 760 1279 791 nostra
1308 758 1455 791 sciencia
1492 756 1730 800 transtulimus,
1767 768 1811 790 ex
1845 768 1931 790 nunc
1961 760 2071 791 omnia

196 833 295 868 supra
325 820 410 855 dicta
439 819 568 863 dantes,
597 824 630 854 et
659 821 872 864 assignantes
901 818 1027 853 eisdem
1057 821 1309 864 possessionem
1344 818 1555 864 corporalem
1588 820 1734 853 omnium
1768 817 2003 864 predictorum.
2039 823 2074 852 ut

196 894 330 929 semper
370 882 412 916 de
440 881 567 916 eisdem
595 881 691 916 bonis
733 880 838 915 libere
867 880 1003 915 valeant
1043 879 1158 914 facere
1201 879 1371 926 quodlibet
1411 879 1498 914 velle
1540 891 1647 923 suunn
1690 882 1978 926 promittimusque
2013 891 2074 926 per

196 944 414 990 sollempnem
447 943 714 990 stipulacionem7
751 942 938 977 dacionem.
975 941 1209 985 donacionem,
1247 946 1281 977 et
1307 941 1525 976 tradicionem
1555 953 1595 976 ac
1629 941 1814 988 corporalis
1848 944 2074 988 possessionis

196 1008 468 1051 assignacionem
496 1005 720 1052 predictorum
748 1007 895 1038 onmium
924 1008 955 1038 et
984 1004 1204 1049 singulorum,
1234 1008 1395 1050 perpetuo
1424 1008 1528 1038 ratas.
1558 1008 1685 1049 gratas,
1716 1008 1749 1037 et
1777 1003 1888 1038 firmas
1910 1015 1970 1050 per
1997 1015 2070 1045 nos,

195 1072 229 1102 et
255 1072 388 1102 nostros
417 1067 571 1110 heredes„
615 1071 647 1100 et
675 1077 893 1101 successores
922 1065 1060 1109 habere,
1104 1076 1144 1099 ac
1173 1075 1236 1099 nos
1277 1064 1438 1110 facturos,
1468 1070 1501 1100 et
1529 1070 1704 1099 curaturos
1747 1067 1837 1111 ipsas
1879 1076 1897 1098 a
1927 1065 2072 1111 qualibet

194 1140 352 1176 persona,
381 1131 434 1163 cui
463 1128 686 1175 quodcunque
710 1129 766 1173 jus
794 1130 952 1174 competit
979 1130 1013 1162 in
1040 1126 1138 1162 bouis
1166 1126 1324 1173 predictis
1353 1132 1442 1161 ratas
1471 1126 1598 1163 haberi.
1622 1131 1655 1161 et
1676 1127 1867 1173 specialiter
1888 1138 1906 1160 a
1929 1126 2070 1161 Domina

196 1191 354 1226 Berckta
383 1190 502 1225 dilecta
532 1191 679 1236 conjuge
708 1194 834 1233 nostra‚
864 1190 990 1225 scilicet
1024 1189 1208 1232 ”fiat-onis„
1236 1200 1301 1223 nec
1328 1189 1395 1223 ullo
1430 1199 1577 1234 unquam
1612 1193 1762 1235 tempore
1796 1193 1910 1223 contra
1945 1200 2003 1223 eas
2033 1188 2073 1223 de

191 1254 281 1298 jure,
309 1252 368 1288 vel
395 1252 484 1287 facto
513 1264 557 1287 ex
585 1263 687 1286 causa
717 1263 914 1297 quacunque
942 1254 1073 1295 venire,
1108 1262 1172 1285 nec
1204 1253 1295 1298 ipsos
1324 1250 1533 1297 Prepositum
1568 1255 1601 1285 et
1627 1249 1760 1294 fratres,
1796 1254 1828 1285 in
1864 1254 1931 1285 suis
1960 1250 2074 1285 homi-

194 1314 304 1359 nibus,
335 1313 532 1349 animalibus
561 1318 593 1348 et
621 1313 721 1348 rebus
756 1313 878 1348 ibidem
914 1316 946 1347 in
981 1313 1163 1347 Mor-mean
1198 1324 1259 1360 per
1293 1324 1366 1357 nost
1405 1313 1516 1357 alium‚
1551 1312 1607 1348 vel
1643 1312 1725 1347 alios
1760 1312 1969 1359 perun-hara
2007 1315 2072 1346 imo

194 1376 332 1412 eosdem
360 1376 568 1423 Prepositum
596 1381 629 1410 et
656 1375 777 1410 fratres
806 1378 839 1409 in
868 1375 1024 1422 predictis
1052 1374 1162 1419 bonis7
1192 1374 1393 1410 hominibus.
1425 1379 1458 1409 et
1484 1374 1585 1409 rebus
1614 1377 1682 1409 suis
1711 1385 1771 1421 pro
1800 1374 1929 1409 viribus
1950 1373 2073 1408 defen—

194 1450 283 1482 sare,
313 1442 345 1472 et
372 1437 521 1485 predicta
550 1441 660 1472 omnia
691 1442 723 1472 et
750 1437 881 1483 singula
911 1448 971 1484 pro
996 1439 1076 1483 ipsis
1097 1436 1267 1480 fratribus7
1290 1441 1323 1471 et.
1344 1448 1460 1471 eorum
1483 1436 1734 1472 successoribus
1758 1439 1880 1471 uostris
1903 1436 2073 1471 laboribus

194 1505 227 1534 et
255 1503 414 1546 impensis
444 1511 462 1533 a
491 1499 637 1545 quolibet
666 1499 799 1534 homine
829 1499 1027 1544 disbrigare,
1052 1503 1085 1533 et
1105 1501 1196 1545 ipsos
1218 1501 1350 1545 penitus
1373 1498 1568 1545 indempnes
1597 1501 1630 1532 in
1651 1501 1827 1533 eviccione
1849 1498 2072 1545 predictorum

194 1561 357 1596 bonorum
391 1573 541 1597 servare.
579 1561 723 1607 alioquin
766 1572 883 1596 omnes
924 1564 1083 1607 inpensas
1124 1563 1264 1594 racione
1299 1560 1525 1607 predictorum
1564 1559 1740 1595 bonorum.
1778 1572 1796 1594 a
1832 1560 2006 1606 Preposito
2042 1564 2073 1593 et

193 1622 351 1657 fratribus
380 1625 460 1670 ipsis
489 1622 605 1657 saetas.
641 1626 719 1669 ipsis
753 1634 798 1657 ex
831 1625 963 1669 integro
999 1621 1186 1656 tenebimur
1218 1625 1395 1656 resarcire.
1434 1622 1475 1656 de
1511 1633 1651 1668 quorum
1687 1625 1869 1667 quantitate
1904 1621 2071 1662 vcdumus„

194 1689 227 1719 et
254 1684 457 1731 spondemus
487 1687 588 1731 ipsius
618 1684 779 1730 prepositi
808 1685 947 1731 simplici
978 1689 1067 1719 stare
1095 1683 1213 1719 verbo.
1244 1684 1495 1718 Renunciamus
1518 1696 1650 1730 quoque
1680 1695 1844 1730 expresse
1873 1695 1933 1729 pro
1962 1683 2071 1721 nobis,

194 1746 384 1781 heredibus.
415 1751 446 1780 et
475 1745 729 1780 successoribus
757 1749 880 1780 nostris
909 1746 1108 1792 quibuslibet
1136 1745 1293 1792 predictis
1330 1746 1432 1780 tribus
1468 1746 1586 1780 laneis.
1621 1745 1716 1780 rubo.
1754 1749 1861 1791 prato.
1898 1745 2007 1779 riwilo
2041 1749 2074 1779 et

195 1818 311 1842 eorum
336 1808 477 1853 juribus.
509 1812 539 1841 et
569 1810 783 1854 pertinenciis
812 1811 991 1843 universis.
1021 1811 1160 1854 insuper
1189 1810 1277 1841 omni
1306 1807 1395 1841 ,Iuris
1435 1807 1605 1841 Canonicz'
1642 1807 1773 1843 cii-ilis.
1807 1806 2072 1846 consuetudinis,

194 1870 374 1917 privilegii.
418 1873 542 1913 statuti,
578 1872 801 1903 restitucionis
837 1872 869 1903 in
906 1872 1083 1914 integrum.
1120 1874 1151 1903 et
1187 1869 1378 1915 specialiter
1406 1871 1491 1913 juris
1527 1873 1626 1903 terre.
1663 1873 1695 1903 et
1728 1868 1905 1914 cujuslibet
1940 1869 2074 1903 alterius

190 1933 275 1977 juris
304 1932 441 1975 anxilio,
471 1931 557 1977 quod
587 1931 683 1965 nobis
713 1930 874 1965 ambobus
896 1931 949 1965 vel
972 1931 1065 1964 alteri
1095 1935 1257 1965 nostrum.
1288 1935 1343 1964 aut
1373 1933 1494 1964 nostris
1523 1930 1702 1965 heredibus
1731 1941 1790 1965 seu
1821 1930 2074 1965 successoribus

194 1998 310 2028 contra
340 1997 449 2028 omnia
480 1993 533 2027 vel
563 1993 693 2039 singula
723 1992 925 2039 supradicta,
956 1992 1011 2027 vel
1040 1991 1173 2038 aliquod
1201 1992 1425 2038 predictorum
1456 1995 1625 2039 competit.
1655 1993 1710 2027 vel
1739 1997 1945 2039 competeret
1974 1992 2073 2026 modo

194 2055 341 2102 quolibet
373 2058 405 2089 in
441 2055 596 2089 futurum.
633 2055 774 2101 Insuper
806 2054 967 2090 dedimus.
1002 2059 1035 2088 ct
1069 2054 1268 2088 donavimus
1304 2054 1453 2089 similiter
1486 2057 1517 2088 in
1554 2057 1730 2101 presencia
1767 2054 1907 2101 predicti
1941 2054 2075 2088 Domini

193 2116 365 2164 Episcopi,
395 2120 427 2151 in
457 2117 641 2152 Sirahem'e
670 2116 833 2153 liet-leste.
865 2119 896 2150 in
927 2127 991 2162 qua
1022 2116 1119 2150 iidem
1148 2115 1339 2162 Prepositus
1373 2120 1406 2149 ct
1434 2115 1553 2151 fratres
1587 2128 1633 2151 ex
1666 2116 1854 2151 donacione
1888 2120 2014 2160 nostra,
2044 2120 2077 2149 et

195 2179 353 2214 nobilium
381 2182 530 2214 virorum
559 2179 779 2214 Domitiorum
809 2178 970 2213 Hrabz'sii
995 2179 1038 2212 de
1066 2178 1270 2217 Islinowiez„
1300 2182 1333 2212 et
1362 2178 1505 2213 Nic-olai
1531 2178 1572 2212 de
1601 2181 1674 2225 ipso
1705 2178 1889 2213 Swabem'c
1923 2188 2076 2211 consan-

193 2243 394 2286 guineorum
423 2245 614 2276 nostrorum
644 2240 765 2274 liabent
793 2239 853 2274 Jus
881 2240 1091 2274 Patronatus.
1123 2240 1255 2273 laneum
1285 2244 1317 2273 et
1351 2240 1520 2274 dimidium
1554 2243 1586 2274 in
1622 2240 1833 2285 Dydkowe'cz-
1867 2239 1945 2274 villa
1981 2242 2073 2280 sitos,

194 2313 270 2335 cum
295 2302 437 2347 juribus,
467 2305 695 2349 pertinenciis
725 2314 787 2336 usu
816 2301 937 2345 fructu,
967 2306 999 2336 et
1028 2301 1325 2348 sollempnitatibus
1355 2304 1455 2348 priori
1485 2302 1662 2336 donacioni
1693 2301 1832 2346 adjectis
1861 2300 2014 2335 omnibus
2043 2305 2077 2333 et

194 2363 334 2408 singulis
375 2364 584 2411 supradictis,
620 2376 681 2398 usu
718 2363 900 2398 eorundem
936 2363 1067 2397 cuidam
1104 2368 1255 2397 matrone
1291 2363 1446 2398 Lali-arde?
1478 2367 1613 2399 nomine
1649 2363 1690 2397 ad
1724 2366 1794 2397 vite
1830 2374 1890 2397 sue
1924 2367 2074 2408 tempora

194 2424 365 2460 derelicto.
395 2425 474 2461 Post
501 2430 641 2460 mortem
670 2437 765 2460 vere.
796 2437 855 2460 seu
885 2428 1157 2470 resignacionem
1187 2426 1337 2470 ejusdcm
1375 2425 1556 2469 Lat-ardis,
1592 2428 1767 2460 memorati
1803 2425 2007 2470 Propositus
2043 2428 2074 2457 et

194 2486 326 2531 fratres,
356 2491 389 2521 et
417 2498 532 2522 eorum
565 2499 782 2523 successores
818 2487 963 2522 habeant
1001 2487 1192 2521 Dominiuni
1226 2492 1259 2522 et
1293 2490 1543 2535 proprietatenn
1579 2499 1687 2531 usum,
1726 2498 1819 2521 usum
1853 2486 2007 2520 fructum.
2042 2490 2073 2519 et

195 2548 378 2595 quamlibet
407 2549 577 2584 utilitatem
605 2549 709 2584 libere
738 2554 899 2596 perpetuo
927 2549 1034 2584 laneis
1063 2551 1096 2583 in
1126 2549 1263 2589 eisdemq
1295 2553 1326 2584 in
1357 2549 1475 2595 quibus
1504 2560 1564 2596 pro
1600 2549 1708 2592 nobis,
1738 2551 1859 2583 nostris
1896 2546 2074 2581 heredibus

192 2615 225 2645 et
245 2610 497 2645 successoribus
526 2611 778 2657 quibuscunque
800 2611 899 2646 nicliil
917 2613 1002 2656 Juris
1026 2613 1155 2658 penitus
1178 2623 1404 2646 reservamus.
1435 2611 1473 2645 In
1497 2622 1636 2657 quorum
1659 2613 1805 2644 omuium
1835 2611 2073 2651 testiinonium,

192 2677 225 2707 et
253 2672 355 2706 robur
382 2677 543 2719 perpetuo
574 2673 761 2717 valiturum,
786 2685 825 2708 ac
847 2673 1013 2708 cautelam
1036 2675 1182 2720 ipsorum
1206 2673 1379 2720 Prepesitn
1404 2673 1555 2717 fratrum,
1579 2677 1608 2706 et
1632 2683 1866 2707 successorum
1890 2670 2072 2705 eorundem

1829 2733 1864 2744 -ι

1828 2744 1845 2763 0
