2341 3005
1034 267 1176 302 CCLXI.

170 341 326 376 Protin-a
367 341 409 375 de
443 340 645 375 ΒιιεΙτῖοη-ῖο
669 340 866 386 profitetur.
909 351 946 374 se
988 351 1011 374 α
1042 340 1253 374 monasterio
1296 336 1561 373 Welehradensi
1603 336 1697 372 VIII.
1739 336 1859 370 laneos
1894 335 1929 368 tn
1964 333 2047 367 rz'lta

312 401 480 437 Lusclee'cz-
514 401 576 436 sub
605 405 702 436 certo
732 413 836 435 censu
865 403 1051 447 recepisse.
1087 400 1148 435 Dt.
1185 400 1223 434 Iu
1257 400 1406 434 Biz-encz-
1443 398 1518 434 VII.
1549 398 1631 432 Idus
1660 398 1758 443 ‚troja
1794 396 1903 431 1324.

345 470 443 536 Ego
480 490 613 525 Protiba
649 490 688 525 de
724 489 927 524 Buchlauicz
955 489 1078 525 Notum
1106 489 1195 524 facio
1223 491 1391 523 vniuersis
1420 499 1560 534 presens
1589 489 1747 533 scriptum
1775 488 1911 529 visuris,
1955 483 2051 526 Quod

171 552 385 587 honorabiles
415 557 446 586 et
475 552 640 598 Religiosi
680 554 746 586 viri
783 552 937 586 dominus
971 551 1164 586 Fridericus
1201 550 1321 585 Ahbas
1350 555 1383 584 et
1411 550 1604 584 Conuentus
1638 548 1833 593 Monasterij
1863 547 2053 592 Vt'elegra-

172 614 286 649 densis
315 619 392 649 octo
421 614 549 658 laneos,
580 625 663 660 quos
692 616 725 648 in
754 614 833 649 villa
862 613 1025 649 Luschicz
1053 617 1138 648 iusto
1168 615 1380 660 proprietatis
1408 611 1500 646 titulo
1529 609 1756 658 possidebant.
1793 609 1834 643 ob
1864 613 2053 655 respectum

172 679 394 711 seruiciorum
421 687 584 720 meorum,
627 675 707 710 mihi
737 687 782 710 ex
810 687 927 710 eorum
955 675 1085 710 liberali
1112 675 1356 709 beneuolencia
1393 673 1434 708 ad
1462 676 1530 707 vite
1559 683 1634 707 mee
1664 676 1812 718 tempora
1843 671 1902 705 sub
1932 670 2055 705 condi-

172 737 326 773 cionibus
368 737 572 784 iiifrapositis
610 742 864 781 concesserunt‚
907 737 1065 772 videlicet
1106 737 1194 783 quod
1236 736 1374 771 eosdem
1417 739 1494 770 octo
1536 734 1654 769 laneos
1696 745 1757 780 per
1785 737 1860 767 octo
1891 743 2054 766 annorum

174 799 340 834 curricula
374 799 479 834 libere
520 799 696 846 possidere
731 799 890 844 debeam,
933 799 1057 834 nullum
1093 799 1229 834 soluens
1273 798 1419 833 Censum
1455 796 1662 831 Monasterio
1706 794 1885 829 antedicto.
1922 794 2055 828 Eisdem

173 872 257 896 vero
300 865 376 895 octo
412 864 509 895 annis
547 861 690 908 expletis
725 861 883 908 predictis
917 860 1043 896 Abbati
1071 865 1103 895 et
1133 860 1319 895 Conuentui
1347 871 1451 894 vnum
1479 858 1646 893 fertonem
1674 868 1870 903 grossorum
1900 856 2057 901 Frangen-

174 927 259 958 sium
293 922 506 957 denariorum
540 922 705 957 Morauici
740 923 900 970 ponderis
936 923 976 958 de
1012 922 1159 969 quolibet
1192 922 1290 956 laneo
1326 921 1468 967 singulis
1505 923 1600 954 annis
1629 922 1663 954 in
1691 918 1778 953 festo
1807 918 1895 952 beati
1924 917 2055 952 Martini

174 984 333 1031 Episcopi
361 996 405 1018 ex
434 987 566 1030 integro
595 988 809 1030 constringar
833 985 977 1029 soluere,
1008 985 1206 1019 difficultatis
1236 989 1269 1019 et
1297 983 1579 1018 contradiccionis
1608 980 1783 1016 cuiuslibet
1806 980 1962 1027 scrupulo
1989 989 2056 1013 non

175 1046 340 1090 obstante,
385 1045 466 1080 Cum
501 1050 611 1080 autem
646 1046 799 1081 dominus
833 1050 1081 1090 vniuersorum,
1121 1046 1161 1081 ad
1195 1049 1289 1080 cuius
1317 1047 1542 1080 vocacionem
1575 1044 1654 1078 nulli
1682 1043 1758 1078 licet
1788 1045 1977 1088 quiescere.
2007 1052 2058 1075 nie

176 1108 217 1142 de
252 1107 315 1142 hoc
344 1107 455 1142 medio
485 1108 606 1152 tulerit,
649 1108 770 1155 prefati
805 1108 895 1143 VIII.
931 1108 1020 1143 lanei
1055 1120 1129 1142 cum
1157 1108 1294 1143 Juribus
1324 1112 1356 1142 et
1384 1106 1592 1154 appendicijs
1628 1108 1697 1140 suis
1726 1104 1990 1151 quibuscumque
2020 1103 2058 1137 ad

176 1170 315 1217 predicti
355 1169 551 1215 Monasterij
596 1173 849 1217 possessionem
893 1170 1078 1205 secundum
1119 1169 1263 1204 formam
1291 1172 1464 1216 pristiliani
1493 1167 1700 1213 redigentur,
1739 1166 1825 1212 quod
1855 1169 1962 1200 eciam
1991 1165 2060 1200 lieri

177 1232 287 1275 debet,
331 1235 358 1266 si
394 1236 470 1266 ante
512 1232 611 1266 finem
647 1237 722 1266 octo
758 1243 923 1267 annorum
964 1232 1189 1279 pred1ct0ruiu
1234 1231 1395 1278 sepedicti
1430 1231 1529 1275 lanei,
1573 1229 1757 1265 secundum
1796 1228 1883 1274 quod
1912 1230 2061 1275 promisi.

176 1294 276 1328 locati
305 1305 373 1328 non
400 1293 535 1328 fuerint.
565 1298 598 1328 ut
629 1293 668 1328 de
698 1297 747 1328 eis
776 1294 945 1341 predictus
975 1294 1104 1328 Census
1137 1294 1224 1328 dicto
1265 1293 1473 1328 Monasterio
1509 1303 1577 1326 non
1612 1291 1724 1326 valeat
1760 1291 1916 1325 deriuari.
1961 1290 2062 1324 Cuius

177 1358 226 1390 rei
254 1360 357 1390 testes
386 1360 462 1390 sunt
489 1355 628 1390 Nobiles
659 1359 734 1390 viri.
765 1356 918 1390 dominus
946 1355 1113 1401 Ygramus
1143 1356 1183 1390 de
1212 1354 1467 1402 Vngersperdn
1496 1353 1657 1388 Nicolaus
1687 1353 1728 1387 de
1756 1353 1909 1388 BlissicZ.
1943 1351 2062 1386 Jessco

177 1417 218 1452 de
252 1416 356 1461 Muta,
399 1416 594 1464 Stephanus
630 1417 670 1452 de
708 1417 898 1452 Morawan.
941 1428 1074 1452 necnon
1111 1417 1232 1452 fratres
1261 1420 1338 1461 mei,
1374 1416 1567 1451 ,ieronimus
1596 1420 1627 1449 et
1657 1414 1879 1449 Slabihoriiis.
1923 1424 2062 1460 (suorum

178 1482 325 1513 omnium
354 1478 463 1523 sigilla
492 1490 638 1513 vnacum
667 1477 750 1513 meo*
772 1482 805 1513 in
835 1478 951 1514 Robur
979 1479 1125 1514 validum
1154 1479 1366 1526 presentibus
1395 1483 1471 1513 sunt
1500 1488 1661 1525 appensa.
1706 1476 1827 1511 Datum
1856 1479 1889 1510 in
1918 1475 2063 1509 Bizencz

178 1540 281 1575 Anno
311 1539 435 1574 domini
463 1539 526 1575 ΜΟ.
558 1539 670 1575 CCCO.
702 1540 861 1575 ΔὮἮΙΙΙΟ.
891 1540 982 1575 ΥΗΟ.
1014 1540 1090 1575 Idus
1119 1541 1211 1586 Maij.

496 1621 531 1649 (E
556 1620 652 1647 codice
677 1621 725 1648 1115.
751 1620 842 1648 saeculi
867 1621 925 1648 XV.
952 1621 999 1649 fot.
1027 1621 1075 1649 titi.
1102 1630 1126 1648 v.
1142 1621 1168 1648 in
1183 1621 1293 1648 archivo
1309 1620 1430 1656 ejusdem
1454 1619 1610 1647 monasterii
1628 1619 1697 1654 apud
1717 1619 1745 1645 C.
1766 1618 1795 1645 R.
1812 1618 1928 1644 Gubern.
1946 1617 2064 1647 Brunae.)

1044 1717 1202 1752 CCLXII.

181 1788 370 1831 Johannes,
395 1799 492 1833 papa
521 1788 644 1822 XXII.
676 1789 825 1822 instituit
856 1788 1002 1823 abbates
1027 1789 1284 1823 Gradieeusem.
1320 1787 1625 1824 H'ilemozce‘ensem
1648 1790 1681 1821 et
1703 1786 1887 1821 Scotorum
1914 1785 2066 1821 Wiennae

182 1854 451 1885 conservatores
480 1853 515 1884 et
543 1851 744 1895 defensores
773 1853 978 1885 monasterii
1004 1850 1233 1885 Trebieensis.
1265 1849 1518 1885 Dt.21c2·m·012e
1534 1848 1552 1883 I
1561 1849 1596 1884 Γ.
1613 1849 1761 1883 Kalend.
1779 1847 1926 1893 Aprilis.
1952 1847 2064 1882 1324.

191 1980 196 1986 Ι
356 1918 553 1973 Johannes
582 1938 769 1985 Episcopus
799 1939 929 1973 Serms
958 1938 1143 1973 Servorum
1172 1937 1235 1973 Dei
1263 1937 1404 1972 Dilectis
1433 1936 1506 1971 filiis
1524 1965 1530 1971 .
1550 1965 1557 1971 .
1589 1937 1629 1971 de
1658 1936 1761 1971 Badis
1790 1947 1894 1983 prope
1925 1935 2069 1970 01011111-

183 2011 247 2035 cen
263 2027 272 2036 .
290 2027 297 2034 .
327 2003 360 2034 in
376 1999 524 2035 NVilemo
541 2000 630 2034 &Vae
648 2028 654 2034 .
676 2029 682 2035 .
708 2000 886 2035 Scotorum
903 2003 934 2034 in
951 1999 1084 2034 Vienna
1102 2000 1283 2045 Pragensis
1302 2003 1333 2033 et
1348 1999 1561 2033 Pataviensis
1577 1999 1770 2033 Diocesiuin
1787 1998 2067 2033 Monasterioruin

184 2061 373 2096 Abbatibus
402 2061 552 2096 Salutem
582 2066 614 2097 et
642 2062 872 2108 Apostolicam
903 2062 1197 2096 Benediccionem.
1229 2061 1380 2095 Militanti
1409 2061 1554 2095 ecclesie
1583 2061 1659 2095 licet
1688 2063 1841 2094 immeriti
1871 2060 2068 2106 disponente

184 2122 330 2158 Domino
358 2123 570 2170 presidentes
599 2127 688 2158 circa
719 2135 832 2158 curam
862 2124 1082 2158 ecclesiarum
1112 2128 1143 2157 et
1172 2125 1450 2157 monasteriorum
1480 2125 1626 2157 omnium
1655 2126 1721 2156 tam
1750 2122 1951 2156 secularium
1970 2132 2067 2166 quam

186 2184 391 2230 regularium
434 2185 568 2220 solertia
612 2185 781 2220 reddimur
824 2184 994 2220 indefessa
1038 2185 1155 2219 soliciti
1194 2189 1227 2218 ut
1269 2187 1361 2218 iuxta
1402 2184 1548 2218 debitum
1590 2184 1765 2231 pastoralis
1813 2184 1911 2217 oflicii
1954 2194 2068 2216 eorum

185 2257 403 2281 occurramus
432 2246 615 2294 dispendiis
645 2251 677 2281 et
704 2246 910 2294 profectibus
940 2247 1051 2281 divina
1082 2251 1287 2293 cooperante
1316 2246 1490 2280 clementia
1521 2245 1698 2281 salubriter
1726 2244 1946 2279 intendamus.
1978 2244 2070 2278 Saue

186 2307 381 2342 dilectorum
424 2308 565 2343 tiliorum
614 2308 757 2344 Abbatis
800 2313 833 2342 et
877 2308 1071 2343 Conventus
1099 2308 1297 2343 Monasterii
1338 2307 1565 2342 Trebecensis
1596 2307 1721 2342 ordinis
1751 2309 1856 2341 sancti
1898 2306 2069 2340 Benedicti

186 2368 422 2404 olomucensis
437 2369 593 2404 Diocesis
611 2373 858 2416 conquestione
881 2373 1092 2417 percepimus
1122 2369 1209 2415 quod
1237 2369 1386 2404 nonnulli
1414 2369 1630 2404 venerabiles
1661 2369 1780 2403 fratres
1810 2370 1912 2402 nostri
1941 2367 2071 2402 Archi-

186 2433 336 2478 episoopi
365 2435 399 2465 et
426 2430 584 2478 Episcopi
614 2432 768 2467 Abbates
797 2436 828 2466 et
858 2432 911 2466 alii
945 2431 1065 2466 Clerici
1101 2436 1280 2477 cetereque
1308 2442 1455 2478 persone
1488 2436 1553 2465 tam
1583 2431 1742 2476 religiose
1772 2440 1870 2475 quam
1899 2429 2070 2463 seculares

187 2503 252 2527 nec
279 2503 346 2527 non
377 2492 535 2527 Comites.
572 2493 736 2528 Barones.
776 2493 925 2536 Nobiles,
965 2492 1098 2537 Milites7
1131 2492 1374 2528 t'niversitates
1402 2498 1434 2528 et
1463 2493 1516 2527 alii
1547 2493 1717 2527 seculares
1752 2492 1826 2525 laici
1858 2490 2009 2525 Civitatis
2039 2495 2071 2525 et

187 2552 345 2588 Diocesis
375 2554 609 2589 Oloniucensis
638 2567 677 2590 ae
707 2559 846 2602 partium
878 2558 1076 2589 vicinarum.
1101 2554 1219 2600 quibus
1236 2554 1356 2589 dictum
1372 2554 1626 2597 Monasteriuin,
1648 2558 1680 2587 et
1697 2553 1760 2587 alia
1784 2553 1856 2586 loca
1874 2557 1904 2586 et
1922 2552 2069 2586 membra

188 2615 338 2649 eiusdem
368 2618 562 2650 monasterii
592 2617 782 2651 immediate
811 2617 959 2651 subiecta
991 2619 1177 2650 consistere
1207 2616 1434 2651 dinoscuntur.
1458 2619 1663 2662 occuparunt
1685 2619 1717 2649 et
1741 2616 1899 2661 occupari
1921 2614 2070 2648 fecerunt

189 2680 429 2723 preposituras,
459 2680 637 2724 prioratus,
667 2679 843 2723 ecclesias,
868 2678 1034 2725 Capellas,
1057 2681 1230 2723 grangias⁷
1253 2677 1473 2721 obedientias,
1499 2682 1621 2721 castra,
1643 2676 1787 2719 Casalia‚
1809 2676 1916 2719 villas
1943 2675 2071 2710 domos.
