2325 2941
1213 155 1285 190 188

329 272 414 306 bona
443 275 543 318 ipsius
572 271 762 315 Mouasterij
792 281 856 316 que
884 273 916 304 in
944 272 1192 316 presenciarum
1218 269 1378 316 possidet.
1407 274 1440 304 et
1466 273 1498 304 in
1526 270 1669 304 futurum
1697 271 1795 305 dante
1823 272 1954 306 domino
1982 271 2173 318 possidebit,

329 333 369 367 ab
398 336 483 367 omni
513 343 615 365 onere
644 331 851 374 tributorum.
880 331 1108 375 vectigalium,
1146 329 1373 364 collectarum.
1409 331 1611 377 aliarumque
1640 334 1784 366 omnium
1813 336 2049 376 exaccionum.
2086 344 2174 379 quo-

329 405 456 439 cunque
485 395 616 426 nomine
638 397 847 426 censeantur.
878 396 1085 438 preterquam
1107 402 1125 425 a
1148 391 1256 425 Berna
1279 391 1427 436 generali
1454 391 1593 425 facimus
1616 396 1647 425 et
1668 403 1744 426 esse
1765 393 1916 427 volumus
1937 397 2173 440 imperpetuum

330 455 429 487 libera
459 458 489 486 et
518 457 682 499 exempta.
732 452 926 486 Adicientes
954 452 1040 497 quod
1069 452 1174 486 nullus
1202 451 1400 497 Principum.
1431 452 1669 486 Successorum
1699 457 1897 496 nostrorum,
1925 454 1979 488 vel
2008 454 2173 488 Baronum

330 526 388 549 seu
417 513 581 548 Nobilium
610 525 670 560 pro
700 513 889 547 Castrorum
917 513 1144 555 edificacione.
1182 513 1236 547 vel
1270 512 1432 546 vallorum
1466 513 1654 556 effossione.
1691 513 1745 547 vel
1780 525 1839 559 pro
1869 514 1975 559 aliqua
2011 517 2174 559 ingruenti

328 575 546 620 expedicione
574 577 677 620 ipsum
706 574 955 608 Monasterium.
984 574 1039 607 vel
1067 573 1217 607 homines
1248 576 1318 607 eius
1347 576 1530 619 inquietare
1557 579 1734 619 presumat.
1765 574 1920 608 Preterea
1949 574 2024 608 dicti
2051 574 2175 609 Mona-

328 637 416 679 sterij
446 635 633 669 comoditati
663 640 691 668 et
722 634 942 680 tranquillitati
977 634 1124 679 diligenti
1159 633 1366 668 solicitudine
1398 634 1606 669 intendentes
1638 638 1807 669 statuimus
1841 639 1873 668 et
1905 635 2110 679 mandamus,
2144 640 2175 670 et

329 695 511 730 inhibemus
540 707 710 741 expresse.
741 699 776 729 vt
804 695 910 729 nullus
939 698 971 729 in
999 698 1070 741 ipso
1098 694 1314 737 monasterio,
1343 694 1399 729 vel
1425 694 1521 729 bonis
1549 697 1631 738 eius.
1662 707 1742 729 ausu
1768 698 1943 729 temerario
1966 700 2174 742 pernoctare,

328 757 380 790 vel
410 760 457 791 eis
487 757 627 802 aliquam
656 756 866 799 violenciam,
896 767 956 790 seu
984 756 1191 790 molenstiam
1220 754 1343 789 inferre
1372 755 1502 798 audeat,
1544 755 1599 789 vel
1634 760 1812 802 attemptet.
1848 767 1910 790 nec
1939 756 2056 801 aliquis
2083 761 2176 803 septa

328 817 402 851 dicti
432 817 622 861 Monasterij
652 817 816 851 violenter
843 820 976 851 intrare.
1007 821 1037 850 et
1066 816 1109 850 ibi
1138 819 1335 861 sanguinem
1364 816 1519 850 sundere.
1553 816 1608 850 vel
1641 816 1805 850 hominem
1834 817 2052 862 qualicunque
2079 816 2176 851 modo

329 878 450 912 ledere.
489 878 542 912 vel
570 881 823 923 suprascriptas.
854 882 908 911 aut
936 877 1151 911 infranotatas
1178 877 1347 911 libertates
1377 877 1585 922 aliquomodo
1613 877 1740 911 violare
1768 882 1945 924 presumat.
1983 877 2024 912 Et
2051 880 2078 912 si
2106 880 2177 923 quis

328 944 441 973 contra
472 938 596 973 feeerit.
627 950 701 972 eum
730 941 762 972 in
790 938 904 973 decem
932 938 1054 973 Marcis
1083 941 1152 972 auri
1181 941 1251 984 puri
1281 938 1499 972 decernimus.
1535 942 1565 972 et
1601 938 1753 972 volumus
1789 950 1863 972 esse
1900 943 2012 972 nostre
2039 942 2178 972 nostro-

329 1011 465 1044 rumque
495 1000 734 1033 Successorum
764 998 902 1033 Camere
930 1002 1078 1046 primitus
1106 999 1321 1045 puniendum.
1356 998 1474 1032 deinde
1508 999 1547 1033 ad
1583 999 1814 1033 inueniendam
1843 1002 1990 1044 graciam
2019 999 2178 1033 dictarum

331 1061 507 1094 ⁴Xbbatisse
535 1065 565 1093 et
595 1060 898 1094 Sanctimonialium
926 1071 985 1106 pro
1014 1060 1155 1094 emenda
1183 1071 1242 1094 seu
1270 1059 1505 1094 satisfaccione
1534 1059 1721 1094 omnimode
1749 1060 2021 1106 compellendum.
2056 1059 2179 1094 Prohi-

331 1121 444 1155 bemus
473 1124 577 1154 eriam
607 1126 637 1154 et
667 1124 801 1155 omnino
820 1121 984 1155 volumus.
1006 1132 1048 1155 ne
1070 1125 1250 1155 venatores
1268 1121 1322 1155 vel
1343 1120 1573 1154 caniductores
1595 1123 1709 1154 nostri.
1730 1120 1784 1154 vel
1808 1121 1944 1154 aliorum
1964 1120 2179 1155 Dominorum

328 1185 552 1226 euiuseuiiipie
585 1186 686 1215 status
721 1182 775 1215 vel
809 1181 1013 1215 condicionis
1049 1184 1203 1217 existant.
1240 1184 1271 1215 in
1307 1182 1392 1215 dicto
1424 1181 1626 1215 Moiiasterio
1660 1181 1713 1215 vel
1742 1181 1837 1215 bonis
1869 1184 1939 1215 eius
1977 1180 2179 1215 contradicte

332 1243 509 1277 Abbatisse
539 1243 593 1276 vel
621 1243 808 1276 ol'licialium
837 1246 908 1276 eius
935 1243 1136 1277 voluntatem
1164 1242 1219 1277 vel
1248 1254 1459 1278 consensum.
1496 1242 1622 1287 aliquas
1650 1245 1924 1288 pernoctaciones
1952 1242 2087 1283 faciant.
2123 1241 2179 1276 vel

337 1304 454 1349 aliquid
482 1303 647 1337 violencie
676 1308 729 1337 aut
756 1306 959 1349 grauaminis
988 1303 1129 1337 inserant
1157 1306 1187 1337 in
1217 1304 1352 1337 eisdem.
1383 1303 1467 1349 quod
1503 1306 1530 1337 si
1559 1308 1673 1337 contra
1712 1303 1859 1337 fecerint.
1894 1314 2012 1349 penam
2041 1302 2179 1349 proinde

329 1367 548 1398 ammissionis
583 1367 697 1409 gracie
730 1369 841 1399 nostre
878 1376 914 1398 se
947 1367 1100 1398 nouerint
1134 1367 1329 1401 incurrisse.
1365 1369 1397 1398 et
1428 1364 1638 1398 nihilominus
1671 1363 1778 1398 licebit
1813 1364 1898 1397 dicte
1931 1363 2113 1397 Abbatisse
2148 1367 2180 1397 et

329 1424 523 1459 oslicialilius
552 1428 622 1459 eius
651 1425 690 1458 ad
719 1425 943 1471 repellendum
973 1436 1084 1459 eorum
1114 1425 1309 1459 xiollencias
1345 1430 1375 1459 et
1410 1426 1569 1459 offensas.
1607 1427 1696 1471 ipsos
1729 1428 1801 1459 sine
1834 1428 1944 1458 nostra
1979 1424 2105 1459 oll'ensa
2139 1423 2180 1458 de

332 1486 424 1519 lionis
454 1486 529 1519 (licii
557 1485 748 1529 Monastcrij
779 1486 947 1531 expellere
975 1486 1148 1519 violenter.
1191 1486 1332 1520 Demum
1360 1491 1396 1520 vt
1423 1490 1534 1520 nostra
1568 1486 1722 1519 voluntas
1756 1490 1937 1530 nostraque
1970 1487 2112 1519 intencio
2147 1487 2180 1519 in

329 1549 512 1592 premissis.
549 1546 721 1580 euidenter
755 1551 786 1580 et
815 1547 955 1580 finaliter
988 1546 1138 1580 omnibus
1175 1546 1307 1593 patefiat
1341 1550 1474 1580 omnino
1508 1547 1717 1580 deceruimus
1751 1550 1783 1580 et
1818 1546 1988 1587 volumus.
2021 1550 2057 1580 vt
2093 1545 2180 1579 dieto

331 1606 532 1641 Monasterio
561 1611 669 1641 omnia
699 1612 730 1641 et
758 1607 887 1652 singula
917 1619 975 1641 sua
1005 1607 1090 1641 bona
1120 1612 1183 1641 tam
1213 1607 1335 1641 habita.
1365 1619 1460 1653 quam
1489 1606 1639 1641 habenda
1669 1618 1802 1653 semper
1836 1607 1926 1640 illesa
1955 1610 2120 1649 maneant,
2148 1609 2181 1639 et

329 1671 452 1713 quieta.
487 1673 516 1702 et
552 1668 612 1702 sibi
647 1671 753 1702 eciam
788 1668 972 1702 libertates.
1008 1671 1243 1702 immunitates.
1277 1671 1409 1713 gracie.
1447 1673 1478 1702 et
1510 1668 1588 1701 Jura
1623 1670 1732 1701 omnia
1766 1672 1797 1701 et
1829 1667 1958 1711 singula
1993 1666 2178 1713 supradicta

332 1732 497 1774 perpetuis
526 1729 725 1775 temporibus
755 1729 984 1762 inuiolabiliter
1012 1729 1241 1763 obserueutur.
1278 1734 1309 1762 et
1346 1729 1432 1762 nullo
1467 1729 1563 1762 modo
1595 1740 1654 1774 per
1689 1728 1829 1774 aliquem
1858 1728 2086 1773 infringantur.
2116 1737 2178 1761 nec

331 1792 498 1834 quisquam
529 1792 558 1823 in
589 1789 650 1833 hijs
679 1790 832 1823 omnibus
863 1794 894 1823 et
923 1790 1060 1833 singulis
1089 1790 1207 1824 dictum
1235 1789 1485 1824 Monasterium.
1515 1789 1568 1823 vel
1597 1789 1797 1823 abbatissam
1825 1793 1857 1822 et
1877 1788 2079 1823 Conuentum
2108 1790 2179 1821 eius

334 1851 524 1894 perturbare
553 1855 735 1896 presumat.
766 1855 819 1883 aut
848 1850 1091 1895 quomodolibet
1120 1839 1306 1885 molestare.
1358 1851 1392 1884 ln
1422 1854 1515 1884 cuius
1543 1853 1591 1884 rei
1621 1852 1839 1883 testimouium
1868 1852 2041 1895 presentes
2070 1847 2180 1882 literas

335 1910 414 1943 lieri.
445 1915 475 1943 et
504 1911 620 1951 sigilio
650 1916 762 1945 nostro
791 1914 905 1944 maiori
935 1914 1088 1945 iussimus
1123 1914 1328 1945 communiri.
1383 1911 1502 1945 Datum
1536 1911 1643 1955 Prage
1672 1910 1727 1944 vl.
1758 1910 1872 1944 Nonas
1901 1908 2052 1943 Octobris
2079 1908 2180 1942 Anno

334 1970 455 2004 domiui
484 1971 655 2006 Millesimo
685 1972 933 2006 Trecentesimo
963 1972 1247 2006 Vicesiniotercio.

639 2051 725 2085 (tirtg.
753 2052 895 2078 membran.
921 2060 977 2077 cum
1002 2051 1095 2085 sigillo
1119 2051 1211 2085 majori
1237 2051 1366 2077 nituit-rati
1392 2054 1470 2085 rupto
1494 2050 1518 2077 iu
1544 2050 1652 2077 archivo
1677 2050 1795 2085 ejusdem
1821 2048 1974 2075 monasterii
1999 2048 2067 2083 apud
2091 2048 2120 2075 C.
2146 2047 2176 2075 R.

741 2104 855 2130 Gubern.
883 2104 974 2130 Brunae
998 2104 1046 2130 sub
1072 2103 1109 2131 tit.
1127 2104 1158 2130 A.
1181 2112 1204 2130 n.
1224 2102 1276 2131 12:
1301 2103 1371 2129 aliud
1396 2103 1465 2137 orig.
1491 2111 1548 2129 cum
1573 2103 1665 2137 sigillo
1689 2105 1766 2137 rupto
1790 2101 1886 2127 ibidem
1911 2101 1959 2127 snb
1985 2100 2024 2127 tit.
2044 2100 2074 2133 Q.
2090 2109 2115 2128 n.
2133 2098 2177 2136 9.)

1208 2198 1298 2232 CCL.

331 2267 517 2308 Johmmes,
541 2267 712 2301 Boleemiae
733 2280 807 2302 rem.
829 2270 983 2313 assiqnat
1010 2270 1135 2313 reqinae
1154 2268 1368 2302 Ele‘sahecleae
1388 2269 1502 2302 decem
1522 2278 1656 2301 marcas
1672 2277 1824 2309 qrossor.
1848 2265 2013 2310 Praqens.
2035 2265 2177 2310 sinqult's

331 2329 527 2373 septimanis
560 2328 601 2361 de
634 2326 762 2361 urbam
800 2329 985 2362 Clmtneusi
1013 2341 1078 2373 per
1117 2333 1245 2374 tempus
1278 2331 1357 2363 rllfe
1388 2341 1458 2363 sene
1489 2327 1737 2373 perc-[plenitas.
1801 2326 1859 2360 Dc.
1898 2326 2023 2372 Praqoe
2056 2326 2178 2360 Nonas

1106 2389 1265 2423 Octobris
1295 2389 1404 2424 1323.

504 2438 591 2491 Nos
619 2457 788 2491 Johannes
817 2457 867 2490 (lei
897 2461 1009 2500 gracia
1041 2459 1176 2493 Boemie
1211 2463 1243 2493 et
1271 2459 1406 2492 Polonie
1439 2457 1512 2492 Rex
1551 2467 1589 2490 ac
1619 2456 1919 2498 Lucemburgensis
1954 2455 2073 2490 Comes
2105 2455 2180 2490 Re-

331 2521 565 2557 ‹zoffnoscimus
594 2523 625 2552 et
654 2518 792 2552 fatemur
821 2522 934 2551 tenore
963 2523 1169 2563 presencium
1199 2522 1377 2554 vniuersis.
1406 2518 1475 2552 Nos
1503 2517 1591 2562 olym
1621 2528 1694 2551 cum
1716 2517 1832 2551 lllustri
1859 2517 1989 2551 (lomina
2009 2514 2178 2550 Etizaheth

334 2578 436 2612 selicis
465 2582 623 2613 memorie
651 2579 772 2612 domini
807 2578 1018 2621 Wencezlai⁷
1054 2580 1216 2624 quondam
1256 2579 1391 2613 Boemie
1425 2582 1457 2611 et
1494 2577 1627 2611 l'olonie
1663 2578 1764 2619 Regis
1799 2578 1943 2620 Relicta,
1978 2588 2078 2623 super
2110 2578 2178 2610 suis

333 2638 407 2671 ilote
435 2643 467 2672 et
495 2639 665 2683 dotalicio.
700 2650 762 2685 que
797 2642 898 2685 ipsam
934 2641 963 2672 in
994 2639 1113 2684 Regno
1150 2644 1261 2673 nostro
1291 2639 1424 2673 Boemie
1453 2638 1690 2683 contingebant
1725 2639 1820 2672 taleni
1849 2640 2121 2684 conposicionem
2149 2640 2179 2670 ct
