2325 2941
308 239 468 280 quatenus
510 233 655 278 prefatos
690 231 855 265 Abbatem
892 236 924 265 et
952 230 1166 265 Conuentum'
1200 233 1290 264 circa
1323 233 1432 264 omnia
1475 242 1526 273 ea,
1570 243 1633 277 que
1670 236 1705 265 vt
1738 235 1931 277 premittitur
1973 236 2069 279 ipsis.
2111 244 2170 278 per

309 296 413 329 dictos
442 295 482 327 de
510 291 786 327 Leuchtenburcb
821 292 895 326 data
930 304 1093 326 concessa
1123 297 1155 325 et.
1182 291 1305 325 indulta
1347 295 1423 326 sunt
1455 302 1496 326 eo
1525 296 1685 338 tempore,
1728 303 1792 337 quo
1823 292 1973 327 Castrum
2002 297 2109 340 ipsum
2137 296 2169 327 in

309 368 421 391 eorum
451 359 519 388 erat
548 358 721 399 potestate,
751 365 925 387 remanere
960 356 1152 399 permittens
1181 364 1243 386 nec
1276 355 1325 386 eis
1354 352 1496 398 aliquam
1525 353 1726 387 violenciam
1759 364 1944 398 grauamen
1972 365 2031 388 seu
2060 354 2170 388 mole-

308 420 413 450 stiam.
444 419 559 449 contra
581 426 620 448 ea
648 414 715 448 vllo
738 426 893 461 nmquam
921 419 1070 460 tempore
1098 413 1235 457 inseras,
1264 418 1359 460 prout
1393 414 1662 459 indignacionem
1690 417 1818 459 regiam
1838 417 2004 460 cupiueris
2032 418 2168 449 euitare.

309 478 431 511 ilai-mn
461 481 645 510 nostrarum
676 478 863 509 testimonio
891 476 1071 509 literarum.
1101 475 1222 508 Datum
1253 474 1400 521 Grudym
1428 475 1530 510 Anno
1566 475 1689 509 domini
1717 475 1892 509 Millesimo
1921 475 2170 510 Trecentesimo

309 539 492 572 'l'ricesimo
522 537 642 571 Primo.
672 537 755 571 feria
783 540 886 571 tercia
915 541 990 570 ante
1018 536 1138 570 festum
1168 539 1272 571 sancti
1300 535 1426 570 Mathei
1454 537 1594 583 apostoli
1623 541 1653 571 et
1682 536 1907 581 ewangeliste
1935 539 2099 582 proxima.

620 607 707 643 (Orig.
733 608 876 634 membran.
903 616 960 633 cum
985 606 1077 641 sigillo
1103 606 1197 633 minori
1223 611 1300 642 rupto
1326 607 1351 633 in
1377 607 1486 633 archivo
1512 607 1631 642 ejusdem
1665 607 1820 633 monasterii
1845 607 1913 642 apud
1946 607 1975 634 C.
2001 607 2030 634 R.
2056 607 2170 634 Gubern.

723 660 815 686 Brome
839 659 962 686 sub..lit.
987 660 1019 686 A.
1045 668 1070 686 n.
1098 660 1146 687 37.
1172 660 1321 686 Excussum
1345 660 1415 694 apud
1439 659 1584 686 steinbach
1609 660 1639 686 ΙΙ.
1665 669 1690 694 p.
1717 659 1781 691 til.)

1138 754 1340 789 CDXXXII.

308 818 498 859 „lohannes
528 829 594 851 rar
629 817 812 851 Bohemioe.
849 818 969 850 emituit
1002 818 1244 850 monasterinm
1273 816 1428 851 Sar-ense
1456 828 1477 850 α
1505 817 1676 851 solutione
1704 816 1817 851 herme
1852 817 1982 862 regyalis
2010 817 2051 850 de
2079 815 2174 850 bouis

426 881 521 912 cirea
550 878 736 912 claustrum
764 880 852 912 sitis.
882 878 942 911 Dt.
972 879 1006 911 in
1035 879 1163 911 castris
1186 889 1298 923 prope
1326 878 1413 918 Lao,
1439 879 1506 922 fer.
1546 878 1580 912 V.
1603 882 1686 923 post
1716 878 1745 912 b.
1776 879 1923 912 Martini
1950 877 2062 913 1331.

481 938 571 991 λος
599 956 771 991 Johannes
799 956 862 991 Dei
896 959 1012 1002 gracia
1040 956 1201 991 Bohemie
1230 961 1263 991 et
1289 956 1426 995 Polonie
1454 957 1531 991 Rex
1559 968 1598 991 ac
1626 956 1941 1002 Lucemburgensis,
1971 956 2104 999 Comes,
2135 956 2175 990 ad

309 1022 540 1053 uniuersorum
581 1023 645 1052 tam
681 1020 751 1063 jam
793 1006 1004 1064 superstitum
1039 1029 1136 1063 quam
1178 1020 1211 1052 in
1252 1022 1350 1052 antea
1384 1017 1568 1052 futurorum
1609 1021 1766 1052 noticiam
1807 1022 1923 1052 tenore
1963 1020 2176 1064 presencium

310 1081 461 1114 volumus
490 1082 682 1126 peruenire,
719 1079 804 1125 quod
834 1079 1026 1114 affectantes
1055 1079 1304 1124 Religiosorum
1338 1082 1487 1113 virorum
1521 1078 1664 1113 Abbatis
1699 1084 1731 1113 et
1760 1078 1952 1114 Conventus
1980 1079 2176 1114 Monasterii

311 1145 339 1175 in
370 1141 436 1175 Zar
463 1141 534 1175 ord.
573 1140 710 1175 Cisterc.
741 1141 828 1187 quod
859 1140 1022 1175 vocabulo
1058 1140 1182 1175 Sancte
1209 1140 1316 1174 Marie
1344 1143 1488 1186 virginis
1523 1143 1702 1185 insignitur
1730 1143 1761 1174 in
1800 1140 1914 1174 salutis
1942 1145 2058 1174 nostre
2086 1151 2177 1185 aug-

310 1206 452 1236 mentum
473 1206 504 1236 et
533 1202 691 1236 heredum
714 1214 753 1236 ac
775 1213 1010 1237 successorum
1030 1206 1218 1236 nostrorum
1247 1205 1302 1248 pio
1322 1202 1470 1236 remedio
1499 1201 1687 1236 utilitatibus
1707 1202 1891 1236 commodis
1921 1206 1952 1236 et
1972 1201 2176 1248 profectibus

310 1263 480 1297 intendere
509 1275 652 1309 operose
680 1275 742 1298 nos
771 1267 852 1310 ipsis
881 1266 935 1309 qui
964 1266 1027 1297 iam
1056 1263 1256 1309 aliquamdiu
1284 1275 1344 1310 per
1371 1263 1463 1309 plura
1492 1263 1701 1297 incommoda
1730 1266 1864 1297 nimium
1894 1251 1970 1297 sunt
1991 1262 2114 1307 afflicti,
2144 1267 2178 1297 ut

309 1325 467 1370 ‹istim-eps
497 1325 556 1358 sub
579 1324 664 1359 felici
695 1329 809 1359 nostro
829 1325 1007 1370 Regimine
1035 1327 1202 1371 respirare
1231 1329 1263 1359 et
1283 1324 1507 1371 Omnipotenti
1527 1324 1600 1358 Deo
1629 1336 1669 1359 eo
1690 1324 1895 1359 commodius
1924 1329 1956 1359 et
1975 1324 2177 1371 peramplius

309 1385 461 1419 famulari
496 1386 649 1430 valcant‚
692 1386 778 1420 hanc
806 1389 949 1432 gratiam
991 1386 1144 1420 duximus
1177 1385 1384 1429 faciendam,
1426 1388 1471 1420 ita
1500 1385 1659 1420 videlicet
1699 1385 1785 1431 quod
1814 1397 1858 1420 cx
1899 1385 2053 1420 omnibus
2080 1384 2178 1419 bonis

309 1458 422 1480 eorum
452 1449 668 1481 circumcirca
697 1447 936 1482 Monastvrium
966 1450 1071 1493 ipsum
1100 1447 1184 1481 infra
1215 1450 1310 1481 trium
1342 1447 1527 1481 milliarium
1556 1449 1705 1493 spacium
1735 1450 1805 1481 sitis
1833 1446 1955 1481 nullam
1983 1446 2178 1492 generalem

322 1508 452 1541 lernam
482 1511 776 1554 quocienscunque
805 1509 857 1543 uel
881 1509 1145 1555 quandocunque
1174 1520 1248 1542 eam
1277 1508 1398 1554 Regno
1422 1513 1535 1543 nostro
1564 1520 1624 1555 per
1644 1520 1707 1543 nos
1736 1508 1879 1543 heredes
1899 1513 1934 1543 et
1960 1518 2178 1543 successores

310 1573 440 1603 nostros
469 1572 591 1615 imponi
620 1573 832 1615 contingeret
860 1570 991 1604 soluere
1019 1572 1187 1616 perpetuis
1216 1569 1419 1616 temporibus
1448 1574 1623 1604 teneantur
1651 1581 1691 1604 ac
1719 1573 1819 1604 etiam
1847 1569 1888 1604 ab
1913 1572 2003 1604 omni
2032 1569 2175 1611 datione,

311 1633 491 1664 vexatione
520 1635 552 1664 ct
586 1631 759 1665 solucione
788 1631 851 1666 alia
880 1643 940 1677 per
967 1642 1049 1677 quas
1084 1634 1263 1665 occasione
1291 1631 1454 1666 bonorum
1492 1630 1679 1666 huiusmodi
1707 1633 1846 1677 gravari
1880 1635 2019 1678 possent
2045 1632 2176 1677 penitus

310 1694 373 1724 sint
402 1694 559 1738 exempti,
590 1692 630 1726 de
658 1692 754 1726 bonis
782 1697 890 1726 autem
921 1692 992 1726 aliis
1021 1703 1085 1738 que
1109 1694 1180 1736 jani
1214 1697 1327 1727 tenent
1354 1695 1387 1727 in
1416 1692 1577 1727 Boliemia
1606 1704 1666 1727 seu
1694 1692 1860 1737 Moravia‚
1889 1692 1944 1727 vel
1972 1695 2004 1726 in
2033 1691 2175 1727 futurum

312 1751 477 1786 habebunt
506 1753 546 1787 ad
585 1753 694 1788 debita
730 1757 942 1788 servitiorum
977 1758 1010 1788 et
1038 1753 1242 1788 subditorum
1278 1764 1381 1788 onera
1410 1753 1562 1788 facienda
1597 1765 1658 1800 pro
1686 1764 1802 1788 eorum
1839 1753 2055 1800 possibilitate
2087 1752 2177 1787 velut

312 1813 363 1846 alii
394 1813 555 1857 Religiosi
591 1818 693 1849 nostri
723 1817 787 1849 sint
815 1815 973 1849 adstricti.
1011 1815 1242 1849 l'roinittentes
1275 1826 1335 1861 pro
1364 1814 1472 1858 nobis,
1510 1815 1687 1849 heredibus
1715 1820 1747 1849 et
1774 1814 2026 1850 successoribus
2054 1815 2176 1848 nostris

325 1874 471 1909 Romane
501 1875 636 1917 regibus
666 1876 784 1910 dictam
817 1876 1001 1910 libertatem
1031 1881 1061 1911 et
1094 1879 1342 1922 exemptionem
1371 1887 1437 1910 non
1467 1875 1668 1921 infringere3
1702 1876 1744 1911 Et
1778 1876 1971 1910 mandamus
2000 1875 2176 1910 Universis

311 1935 464 1969 ol'liciatis
486 1940 606 1971 nostris
634 1940 862 1983 cuiuscunque
884 1938 1081 1972 conditionis
1110 1941 1255 1972 existant
1275 1938 1331 1972 vel
1353 1948 1561 1983 quocumque
1583 1942 1784 1972 censeantur
1812 1939 1944 1971 nomine
1965 1935 2178 1982 presentibus

311 2001 342 2030 et
371 1996 503 2032 futuris.
541 2002 702 2042 quatenus
741 1999 907 2045 predictos
936 1999 1088 2033 abbatem
1124 2003 1156 2033 et
1185 2000 1394 2033 conventum
1423 2010 1463 2033 ac
1498 2002 1603 2045 ipsum
1632 1999 1869 2034 Monasterium
1901 1999 1995 2042 juxta
2025 1997 2177 2031 affectum

312 2057 454 2101 Regium
484 2064 696 2103 conseruenb
734 2060 961 2094 l'auoraliiliter
989 2063 1020 2094 in
1056 2060 1192 2095 eisdem.
1225 2060 1261 2094 In
1290 2063 1384 2094 cuius
1419 2063 1467 2094 rei
1497 2063 1719 2095 testimonium
1753 2063 1927 2106 presentes
1956 2058 2079 2093 litteras
2107 2058 2176 2093 sieri

312 2123 342 2152 et
380 2118 488 2159 sigillo
525 2124 637 2153 nostro
674 2122 834 2164 jussimus
863 2124 1070 2156 communiri.
1108 2121 1229 2155 Datum
1266 2124 1297 2155 in
1334 2121 1458 2156 Castris
1495 2133 1600 2168 prope
1641 2120 1686 2155 La
1716 2120 1816 2155 Anno
1845 2119 1977 2154 Domini
2005 2119 2178 2155 millesimo

312 2183 546 2214 trecentesimo
574 2183 740 2215 tricesimo
770 2185 885 2228 primo.
916 2186 1027 2227 quinta
1057 2182 1139 2217 seria
1169 2187 1244 2229 post
1272 2182 1358 2217 diem
1387 2182 1425 2217 Β.
1454 2182 1586 2218 Martini
1615 2184 1777 2228 proxima.

623 2251 785 2286 ‹Excussum
812 2253 844 2279 de
869 2253 1004 2287 originali7
1030 2254 1101 2288 quod
1122 2255 1176 2289 jam
1202 2254 1298 2280 frustra
1323 2253 1453 2288 queritur,
1478 2253 1547 2288 apud
1572 2251 1715 2278 Steinbacli
1743 2251 1771 2277 ΙΙ.
1797 2260 1822 2285 p.
1850 2250 1899 2279 62.
1926 2260 1951 2279 n.
1975 2251 2080 2285 XLlll.)

312 2407 498 2440 johannes.
533 2420 628 2453 papa
669 2408 790 2442 XXII.
838 2412 1079 2444 mmmslerinm
1114 2410 1442 2445 Neo-leeameense
1483 2411 1516 2442 in
1557 2408 1758 2452 aposlole‘coe
1796 2409 1888 2443 sedis
1925 2410 2176 2453 protectionem

442 2471 594 2514 -swxeipit⁷
625 2472 766 2515 ejus-qm*
791 2472 1030 2514 possessiones
1059 2473 1249 2516 confirmat.
1293 2472 1362 2505 (llo.
1393 2471 1565 2504 Arl'nioue
1595 2469 1709 2503 [dibus
1738 2469 1901 2504 Nat-emb.
1934 2469 2045 2504 1331.

484 2527 678 2582 Johannes
713 2551 891 2594 episcopus
925 2560 1042 2583 seruus
1078 2561 1253 2584 seruorum
1289 2549 1376 2584 Dei.
1406 2548 1543 2582 Dilectis
1578 2551 1607 2581 in
1638 2548 1769 2582 Clu-isto
1799 2548 1950 2582 filiabus.
1977 2576 1984 2583 .
2014 2548 2177 2582 Priorisse

314 2611 342 2639 et
373 2607 558 2641 Conuentui
600 2608 792 2653 illonastcrij
824 2613 854 2643 in
885 2609 1019 2643 Reuscli
1049 2622 1108 2656 per
1138 2611 1333 2645 l’riorissam
1363 2610 1447 2644 soliti
1483 2608 1662 2653 gubernari
1697 2610 2015 2644 l’remonstratensis
2052 2609 2176 2643 ordinis
