2341 3005
1042 148 1083 182 91

991 262 1140 297 CXVIII.

131 332 213 367 Otto
236 333 348 366 dietus
368 332 409 365 (Ie
428 331 562 366 Parczs
580 332 776 376 profitetur}
799 330 889 375 quod
910 341 931 363 (ι
952 331 1161 363 monasterio
1190 328 1457 364 tt'elelermlensz·
1478 329 1590 363 villam
1619 329 1859 374 ll'allersdorf
1877 330 2003 364 dictam

126 394 174 428 ad
207 397 279 428 tres
320 395 412 427 ritas
454 397 583 427 tantum
623 391 865 438 possidendam
899 390 961 425 sed)
1003 392 1109 425 cerlis
1145 389 1395 425 conditionibus
1437 393 1661 435 (uinquam-it.
1702 391 1762 425 Dt.
1800 393 1833 425 in
1877 395 2003 426 octava

798 453 1026 487 ,is-censionis
1055 452 1182 486 domiui
1210 451 1323 486 1317.

301 531 392 586 Nos
424 550 523 586 Othto
565 550 669 584 dictus
713 549 754 584 de
783 549 905 583 Parczs
934 548 1058 583 Senior
1097 547 1219 582 Notum
1262 548 1332 583 lieri
1375 549 1529 583 volumus
1573 553 1636 582 tam
1680 549 1859 593 modernis‚
1903 561 2002 596 quam

126 613 363 648 modernorum
392 615 545 660 posteris„
577 611 673 654 Quod
702 611 815 646 villam
845 611 974 645 abbatis
1003 615 1036 645 et
1063 614 1250 645 conuentus
1280 610 1321 644 de
1349 609 1537 656 Welegrad
1571 609 1692 644 dictam
1720 609 2001 657 Waltbersdorph

126 686 201 709 cum
230 673 384 709 omnihus
412 673 538 709 iuribus
566 678 599 708 et
626 675 845 720 pertinenciJs.
875 675 943 707 suis
985 672 1113 707 scilicet
1140 672 1243 715 siluis„
1286 672 1393 707 Pratis
1435 675 1528 718 agris
1569 672 1706 706 Pascuis
1749 671 1999 707 Piscaeionibus

124 747 185 783 pro
227 738 466 782 quinquaginta
507 737 630 770 marcis
673 734 713 769 ad
757 739 824 769 tres
864 737 952 769 vitas
994 734 1177 770 dumtaxat.
1220 739 1368 769 nostram
1410 734 1578 775 uidelicet„
1621 738 1653 768 et
1686 733 1825 767 duorum
1860 733 1998 768 filiorum

125 802 326 832 nostrorum.
355 797 513 831 videlicet
540 796 682 831 Kadoldi
711 800 742 830 ct
771 795 926 830 Otbtonis
955 798 1223 842 comparauimns
1252 795 1402 830 absolute
1438 801 1470 830 et
1504 795 1609 829 libere
1638 795 1875 841 possidendam
1905 795 2000 830 Con-

125 858 311 893 dicionibus
353 863 463 893 tamen
509 858 629 893 talibus
671 860 875 904 interpositis
917 868 999 902 quas
1041 857 1167 891 eisdem
1211 857 1445 892 inviolabiliter
1493 849 1713 904 promittimus
1756 856 1996 891 obseruamlas.

125 921 234 955 Primo
263 920 349 966 quod
379 923 485 967 ipsam
507 920 619 955 villam
648 931 715 954 non
740 919 924 954 locabimus
953 919 1034 953 alias
1063 922 1125 953 nisi
1156 918 1306 953 inbonis
1336 918 1499 954 Ecclesie.
1530 918 1640 952 Jud‹·x
1663 921 1769 952 ceiam
1799 921 1852 964 qui
1882 918 1999 952 dicitur

125 983 368 1028 Staynwanter
395 985 458 1016 erit
485 986 599 1016 noster
625 981 735 1015 Judex
765 981 825 1015 sub
856 981 1008 1015 omnibus
1037 980 1242 1015 libertatibus
1278 980 1339 1015 sibi
1375 983 1549 1015 concessis
1579 992 1596 1014 a
1626 983 1832 1014 monasterio
1862 992 1880 1013 a
1910 984 1999 1013 tcm-

123 1043 260 1090 poribus
288 1047 476 1087 retroactis,
506 1043 543 1078 In
572 1043 650 1078 villa
680 1046 788 1077 eciam
818 1046 1047 1089 prenominata
1077 1045 1183 1089 ipsum
1212 1042 1453 1076 illonasterium
1483 1042 1610 1076 babere
1634 1042 1767 1076 Curiam
1798 1042 1837 1075 ad
1860 1046 1999 1087 quatuor

125 1106 239 1140 laneos
267 1108 487 1152 promittimus
528 1117 589 1152 pro
617 1105 810 1152 reponenda
854 1105 979 1139 cultura
1023 1104 1121 1139 Curie
1156 1109 1186 1138 et
1216 1104 1343 1138 decima
1386 1104 1587 1149 colligenda.
1619 1104 1728 1145 Quam
1772 1106 1878 1137 eciam
1909 1107 1996 1137 omni

125 1171 274 1214 tempore
316 1166 441 1202 habere
482 1167 649 1204 volumus.
680 1166 815 1213 Septem
859 1169 1057 1212 piscatores.
1101 1171 1132 1200 ct
1175 1166 1325 1211 gaudere
1354 1166 1528 1200 nobiscum
1558 1170 1589 1200 et
1618 1165 1714 1199 nobis
1748 1168 1831 1209 (sic)
1860 1164 1998 1199 subditis

124 1231 212 1262 omni
242 1228 393 1279 libertate
422 1229 458 1263 ln
487 1229 590 1267 siluisq
615 1229 730 1272 Pratis5
757 1228 892 1263 Pascuis
922 1233 954 1262 et
981 1231 1113 1263 ceteris.
1138 1239 1348 1273 quocumque
1377 1231 1512 1261 nomine
1536 1232 1750 1261 censeantur.
1784 1228 1864 1261 Cum
1887 1232 1995 1261 autem

123 1290 163 1324 ad
192 1290 311 1324 dictam
340 1290 453 1324 villam
481 1290 591 1324 ,ludex
621 1295 653 1324 et
681 1290 826 1324 cultores
858 1293 1021 1324 venirent.
1051 1301 1112 1336 per
1140 1294 1216 1324 octo
1245 1300 1352 1324 annos
1386 1292 1562 1323 continuos
1599 1292 1628 1322 in
1666 1291 1892 1335 percepcione
1921 1300 1999 1322 mc-

123 1351 252 1386 dietatis
281 1351 410 1386 decime
438 1363 514 1386 cum
543 1354 622 1399 ipsis
652 1355 775 1386 erimus
797 1354 977 1398 participes
1000 1356 1031 1385 et
1053 1356 1240 1385 consortes.
1265 1350 1393 1392 Quibus
1416 1355 1491 1385 octo
1522 1354 1617 1384 annis
1641 1350 1794 1396 expletis³
1819 1353 1997 1396 percepcio

123 1413 231 1447 totalis
260 1412 389 1447 decime
418 1413 459 1447 ad
486 1413 727 1448 Monasterium
764 1417 927 1460 perpetuo
963 1412 1149 1460 pertinebit.
1188 1413 1264 1459 Ipsa
1301 1415 1407 1447 eciam
1443 1412 1571 1446 decima
1607 1423 1667 1458 per
1702 1411 1860 1446 Rusticus
1894 1414 1998 1458 ipsius

123 1474 201 1508 ville
230 1474 270 1508 ad
300 1473 433 1508 Curiam
476 1477 564 1509 omni
593 1479 743 1521 tempore
784 1475 995 1521 perducetur.
1039 1479 1071 1509 et
1099 1486 1172 1509 cum
1217 1474 1336 1509 ibidem
1367 1477 1515 1508 triturata
1558 1474 1657 1507 suerit
1686 1485 1744 1520 pcr
1787 1473 1935 1507 eosdem.
1967 1476 1996 1507 in

124 1535 234 1569 Costel
279 1540 333 1569 aut
376 1535 563 1570 Potworicz
605 1536 797 1570 deducetur.
842 1537 876 1570 Si
908 1541 1016 1570 autem
1059 1539 1129 1583 ipsa
1161 1537 1259 1571 Curia
1303 1539 1334 1570 in
1364 1536 1501 1570 decimis
1544 1540 1599 1569 aut
1634 1535 1837 1569 libertatibus
1879 1534 1997 1580 quibus

122 1596 272 1639 gaudere
302 1596 398 1631 debet
429 1596 601 1631 nobiscum
630 1608 690 1644 pei·
719 1608 780 1632 nos
809 1603 861 1632 aut
893 1602 1025 1632 nostros
1053 1598 1202 1632 subditos
1232 1597 1408 1632 lederetur.
1435 1597 1587 1631 Judicem
1618 1601 1766 1630 nostrum
1797 1596 1996 1639 obligamur„

123 1662 157 1692 vt
185 1661 258 1704 ipse
286 1663 319 1692 et
347 1663 489 1704 quatuor
517 1658 654 1692 Scabini
684 1658 858 1693 Ciuitatem
895 1659 1136 1694 Costellenscm
1173 1659 1360 1694 subintrent
1397 1659 1473 1693 inde
1510 1670 1574 1693 non
1611 1661 1730 1692 exituri
1768 1657 1825 1691 sed
1866 1657 1906 1691 ibi
1937 1657 1997 1692 sub

123 1722 282 1766 expensis
311 1722 456 1766 propi-ijs
498 1723 720 1766 perimmsuri.
764 1721 870 1755 donec
916 1724 984 1768 ipsa
1016 1722 1114 1755 Curia
1157 1721 1385 1767 indcinpnitati
1429 1723 1563 1767 pristine
1606 1719 1702 1753 suerit
1745 1721 1907 1753 restituta.
1937 1718 1997 1753 Jus

123 1783 230 1815 eciam
258 1785 453 1828 patronatus
481 1781 560 1815 ville
589 1781 763 1827 prehabito
791 1787 947 1828 quantum
984 1783 1023 1816 ad
1053 1783 1274 1816 collacioncm
1309 1782 1462 1817 Ecclesie
1497 1793 1601 1828 penes
1636 1780 1879 1814 illonasterium
1908 1782 1997 1814 omni

124 1846 273 1888 tempore
301 1842 522 1889 permanebit.
554 1842 732 1889 Postquam
763 1848 872 1878 autem
900 1843 1062 1878 Dominus
1093 1847 1327 1879 vniuersornm
1357 1846 1410 1889 qui
1441 1845 1599 1877 terminos
1629 1842 1799 1876 hominum
1830 1844 1999 1875 constituit

124 1906 177 1949 qui
206 1906 369 1950 preterire
398 1916 464 1938 non
495 1909 648 1950 poterunt
690 1904 760 1938 Nos
791 1909 821 1939 et
851 1905 935 1939 duos
966 1904 1050 1939 filios
1092 1910 1225 1939 nostros
1267 1905 1308 1938 ab
1346 1904 1406 1939 bac
1449 1905 1522 1938 lucc
1564 1915 1766 1950 erumpnosa
1810 1906 1996 1945 vocauerit,

124 1964 256 2000 Extunc
284 1968 388 2012 ipsam
431 1966 544 2000 villain
587 1965 647 2000 sub
677 1965 830 2000 ‹nnnibus
874 1966 996 2000 iuribus
1026 1971 1058 2000 et
1086 1966 1337 2001 condicionibus
1381 1965 1507 2011 absque
1543 1968 1688 1999 (minium
1718 1967 1901 1999 amicorum
1930 1976 1998 1998 no-

124 2031 266 2061 strorum
295 2029 497 2073 inpeticione
526 2027 566 2061 ad
595 2026 836 2061 lllonasteriuin
866 2027 946 2062 Jure
973 2028 1168 2074 plenissimo
1199 2031 1314 2061 iterum
1344 2027 1499 2061 volumus
1529 2031 1711 2061 reuertere.
1750 2026 1783 2061 ln
1816 2027 1916 2060 Cuius
1949 2028 1995 2059 rei

124 2090 346 2123 testimonium
388 2093 563 2135 presentes
607 2089 733 2123 litteras
775 2089 874 2123 scribi
919 2093 1170 2135 procuranimus
1213 2089 1395 2133 sigillorum
1444 2091 1591 2123 virorum
1635 2088 1800 2122 Nobilium
1842 2087 1999 2122 videlicet

124 2149 248 2183 domini
275 2149 441 2184 Rutbonis
471 2150 653 2194 Camerarij
684 2149 848 2184 Morauie.
880 2151 1001 2184 domini
1027 2151 1126 2185 Vlrici
1151 2151 1190 2184 de
1215 2150 1393 2184 Ronbercb
1416 2150 1551 2194 Zudarij
1582 2153 1754 2196 prouincic
1786 2149 1996 2191 brunnensis,

125 2210 247 2244 domini
276 2210 438 2246 Hertwici
467 2212 507 2246 de
537 2211 774 2255 Liclitenstciii,
805 2211 927 2246 domini
956 2212 1121 2247 Weteztai
1159 2212 1199 2245 de
1237 2211 1389 2246 Vrseban
1418 2212 1554 2256 Zudarij
1591 2214 1763 2258 prouincie
1802 2210 1997 2244 llraczlaui-

124 2275 226 2306 ensis.
256 2275 372 2315 nostrL
403 2284 443 2307 ac
471 2272 524 2318 filij
569 2276 672 2308 nostri
703 2273 853 2310 ltadotdn
897 2278 929 2307 ct
958 2274 1084 2307 Cinium
1128 2273 1168 2307 de
1200 2273 1317 2307 Rediss
1361 2276 1542 2307 munimine
1584 2273 1723 2307 lideliter
1764 2274 1994 2305 commvnitas.

126 2333 210 2367 Acta
241 2337 315 2367 sunt
345 2333 405 2368 bec
435 2345 522 2368 anno
551 2335 674 2369 domini
704 2334 985 2368 M‘*(7ec‘¹xv110.
1018 2338 1048 2368 in
1080 2334 1207 2368 Octaua
1239 2334 1460 2369 Ascensionis
1490 2334 1625 2368 domini.

437 2413 525 2444 <orna
558 2415 701 2441 membran.
735 2424 792 2441 eum
825 2418 928 2449 septem
965 2414 1073 2447 sigillis.
1105 2423 1118 2439 c
1145 2413 1240 2448 quibus
1264 2414 1307 2441 lll.
1334 2414 1378 2441 vl.
1406 2414 1436 2441 V.
1463 2418 1488 2440 et
1515 2413 1587 2440 Vl¹'¹‘''
1619 2414 1709 2439 avulsa
1736 2416 1806 2439 sunt.
1838 2413 1861 2438 in
1887 2411 1996 2438 archivo

542 2467 662 2501 cjnsdem
687 2467 844 2493 monasterii
870 2466 938 2501 apud
960 2467 987 2492 (¹.
1010 2467 1037 2494 li.
1063 2467 1225 2493 (iubernium
1251 2466 1342 2493 Bruna·
1367 2467 1416 2493 sub
1442 2467 1488 2493 Lit.
1514 2467 1543 2493 (ι’.
1571 2467 1601 2493 ll.
1628 2476 1651 2492 n.
1683 2466 1741 2495 14³

1728 2704 1780 2733 12·
