2341 3005
1034 149 1108 185 369

128 269 264 312 propter
304 264 546 300 multitudine-m
588 265 794 311 generaliter
827 264 1128 299 contradicentium
1155 263 1344 299 reformare
1372 275 1440 299 non
1467 267 1599 312 poterit,
1629 266 1693 299 nisi
1721 266 1753 298 ei
1781 268 1895 299 vestra
1924 276 2011 299 auc-

129 329 244 361 toritas
272 326 486 373 suffragetur.
752 331 755 334 ’

313 387 408 423 Haec
438 388 479 422 de
508 388 600 423 clero
628 387 728 423 vobis
757 390 965 435 scripsimus(
994 391 1078 422 sicut
1107 387 1149 422 de
1176 390 1320 422 veritate
1349 387 1541 422 omnimodo
1570 387 1668 422 nobis
1697 392 1838 423 constat.

312 449 365 484 De
406 450 529 496 populo
570 461 655 485 vero
692 449 882 485 Christiano
915 452 1089 496 utriusque
1123 460 1228 484 sexus
1262 448 1362 484 vohis
1404 454 1561 484 constare
1595 452 1730 494 scimus,
1774 455 1933 496 tanquam
1967 452 2011 493 ei,

128 513 185 557 qui
212 510 410 546 Leodiensis
448 511 707 546 archidiaconus
736 514 905 555 extitistis,
949 511 1036 558 quod
1071 514 1105 545 in
1132 511 1195 546 illis
1224 515 1257 545 et
1285 511 1359 545 aliis
1388 511 1587 557 quibusdam
1620 511 1770 558 partibus
1808 510 2013 546 Christiani-

128 574 203 607 tatis
238 573 390 619 synodus
426 573 628 619 aliquotiens
662 576 696 607 in
732 584 821 607 anno
858 584 934 607 cum
972 573 1067 608 laicis
1102 572 1267 607 celebrari
1309 575 1499 617 consuevit,
1542 572 1597 607 ubi
1627 577 1729 608 testes
1758 573 1941 620 synodales
1971 573 2012 607 ad

127 633 192 669 hoc
233 634 331 669 electi
367 639 401 670 et
437 636 540 680 jurati
584 634 757 681 deponere
798 639 1051 670 consueverunt
1086 639 1119 669 et
1151 634 1277 678 dicere,
1321 645 1407 680 quac
1445 639 1560 669 contra
1594 634 1703 669 Deum
1737 639 1770 669 et
1797 634 2012 680 Religionem

128 695 354 730 Christianam
381 695 514 743 publice
543 695 623 730 fiunt
652 708 670 730 3
700 697 795 731 laicis
824 697 878 731 illo
909 707 1017 732 anno:
1046 696 1102 731 vel
1130 699 1231 730 etiam
1260 707 1347 743 quae
1376 707 1469 730 arma
1499 700 1649 739 accusat,
1679 700 1795 731 contra
1824 707 1923 743 quam
1956 696 2012 730 vel

128 750 277 805 purgare
306 769 344 792 se
372 760 540 803 contingit
567 763 757 801 accusatos5
794 758 850 792 vel
886 769 953 792 non
988 762 1172 805 purgantes
1202 769 1239 792 se
1269 761 1469 793 canonicam
1506 758 1690 792 secundun]
1720 762 1831 792 terrae
1860 769 2013 792 consue-

126 819 274 854 tudinem
314 830 383 854 non
411 819 562 854 evadere
590 820 761 854 ultionem.
798 819 835 854 In
864 820 937 854 aliis
965 830 1049 854 vero
1079 819 1291 854 dioecesibus
1322 819 1406 853 haec
1437 819 1509 854 fieri
1538 831 1605 854 non
1635 820 1763 854 obtinet
1791 819 2011 854 consuetudo.

127 880 216 915 unde
256 880 420 915 laicorum
461 884 612 928 impuniti
642 886 800 916 maneant
828 892 1005 916 excessus.
1049 884 1078 915 si
1107 884 1172 916 sint
1200 884 1299 916 etiam
1329 881 1507 915 manifesti.
1551 881 1588 915 Si
1616 892 1701 916 vero
1735 881 1897 916 sacerdos
1927 881 2012 915 tales

126 941 269 977 forsitan
308 942 458 978 voluerit
496 946 529 977 in
564 955 624 978 sna
658 942 819 990 parochia
862 954 1039 987 accusare,
1072 942 1268 990 frequenter
1300 955 1345 977 ex
1387 954 1427 977 eo
1457 946 1556 977 sentit
1584 943 1768 991 periculum
1797 946 1888 978 w'tae
1917 954 2010 978 suae.

127 1003 309 1039 Provideat
348 1015 432 1050 ergo
475 1007 636 1039 sanctitas
669 1009 797 1049 vestra,
841 1007 869 1040 si
903 995 1030 1052 placet,
1054 1000 1104 1039 'ut
1139 1003 1394 1039 Christianitatis
1429 1005 1580 1052 syiodns
1616 1010 1771 1040 servetur
1805 1008 1917 1051 utique
1951 1016 2011 1052 pro

127 1065 364 1101 conservanda
406 1065 582 1101 honestate
622 1066 737 1113 populi
773 1065 970 1101 Christiani:
1013 1077 1089 1101 cum
1116 1066 1204 1100 idem
1235 1066 1395 1113 deposcat
1424 1070 1605 1101 auctoritas
1641 1067 1854 1113 evangelica,
1885 1070 1918 1102 in
1947 1078 2012 1114 qua

127 1127 264 1162 dicitur:
292 1127 357 1162 Dic
385 1127 577 1173 Ecclesiae3
607 1128 696 1174 quod
726 1128 803 1162 talia
831 1127 1008 1163 Ecclesiae
1037 1132 1113 1163 sunt
1143 1127 1295 1163 dicenda.

311 1189 397 1224 Sunt
438 1193 538 1225 etiam
581 1190 714 1237 quidam
751 1194 782 1225 et
816 1189 983 1237 quaedam
1025 1189 1111 1236 apud
1153 1200 1216 1224 nos
1258 1189 1495 1235 religiosorum
1537 1190 1600 1225 sibi
1636 1189 1784 1224 habitum
1813 1194 1845 1224 et
1874 1193 2010 1224 nomina

126 1251 360 1296 vendicantes„
404 1263 488 1299 quos
522 1257 555 1286 et
589 1263 689 1299 quae,
732 1263 808 1286 cum
844 1263 961 1286 eorum
989 1263 1058 1286 non
1086 1255 1126 1286 sit
1152 1251 1272 1297 religio
1300 1263 1362 1298 per
1390 1252 1505 1286 sedem
1541 1252 1773 1299 Apostolicam
1803 1251 2011 1295 confir1nata‚

127 1317 296 1349 sectarum
324 1313 493 1349 credimus
521 1316 658 1349 nomine
686 1313 939 1360 comprehendi,
970 1316 1024 1361 qui
1053 1317 1179 1360 passim
1208 1318 1242 1347 ut
1266 1315 1387 1359 juguni
1418 1314 1564 1348 evadant
1594 1313 1818 1357 obedientiae,
1849 1313 2013 1348 habentes

125 1375 285 1410 velamen
318 1375 466 1410 malitiae
498 1375 698 1415 libertatem,
742 1379 837 1422 quasi
878 1375 1016 1410 liberius
1057 1375 1203 1410 Domino
1238 1378 1406 1419 serw'turi7
1450 1375 1604 1410 dominos
1633 1380 1665 1410 et
1699 1375 1850 1410 dominas
1887 1375 2013 1409 habere

126 1436 300 1480 nolentes3
327 1436 499 1483 fugientes
528 1440 629 1472 etiam
657 1437 883 1472 obedientiam
913 1437 1137 1481 sacerdotum,
1168 1448 1229 1472 seu
1258 1439 1358 1471 etiam
1387 1440 1627 1471 coercitionem
1657 1439 1807 1483 conjugii
1842 1437 2011 1471 maritalis.

126 1503 161 1533 et
187 1509 249 1545 per
277 1499 421 1546 aliquem
451 1499 601 1534 ordinem
632 1510 670 1534 se
699 1494 857 1546 a‘stringi3
887 1498 1055 1533 foeminae
1080 1500 1229 1544 juvenes
1258 1501 1291 1533 in
1320 1503 1407 1533 statu
1435 1499 1605 1533 viduitatis
1635 1510 1672 1534 se
1706 1503 1843 1546 ponunt,
1884 1499 2014 1533 illectae

126 1559 268 1595 forsitan
303 1560 345 1595 ab
382 1560 559 1607 aliquibus,
601 1572 663 1608 per
696 1572 780 1607 quos
814 1560 943 1595 nubere
985 1560 1214 1607 prohihentur,
1258 1565 1376 1595 contra
1405 1560 1617 1608 Apostolum,
1661 1563 1715 1608 qui
1752 1560 1791 1595 de
1822 1559 1940 1594 talibus
1970 1563 2013 1594 ita

127 1621 219 1656 dicit:
248 1621 367 1656 Vidua*
387 1634 454 1657 non
483 1623 627 1669 eligatur
654 1625 720 1658 nisi
749 1626 929 1668 sexaginta
959 1633 1135 1657 annorum.
1165 1621 1264 1656 Item:
1293 1622 1593 1657 Adolescentiores
1617 1627 1728 1657 autem
1750 1622 1870 1657 viduas
1889 1622 2012 1656 devita.

125 1682 214 1718 Volo
257 1688 368 1719 autem
403 1684 593 1730 hujusmodi
634 1684 782 1727 nubere3
825 1687 909 1718 istae
945 1687 1033 1718 enim
1076 1688 1163 1727 sunt‚
1207 1695 1293 1731 quae
1335 1684 1444 1719 solent
1478 1687 1622 1718 circuire
1659 1684 2009 1719 d0n10s11011·s01um

127 1748 258 1780 otiosae
300 1746 360 1781 sed
394 1746 581 1789 verbosae3
622 1746 711 1781 unde
748 1751 780 1780 et
808 1750 883 1793 post
911 1745 1086 1780 sathanam
1116 1748 1252 1793 saepius
1281 1750 1524 1780 convertuntur
1559 1750 1754 1780 retrorsum.
1800 1745 1899 1780 Certe
1928 1748 2013 1780 istae

127 1812 205 1842 sunt
240 1807 316 1842 illae
351 1808 546 1854 religiosae,
589 1820 675 1855 quae
711 1808 772 1844 sub
808 1811 944 1842 nomine
980 1807 1165 1842 honestatis
1202 1810 1287 1842 sicut
1316 1807 1395 1842 olim
1427 1812 1547 1842 contra
1581 1808 1773 1842 Barnabam
1803 1812 1835 1842 et
1862 1807 2012 1851 Paulum,

127 1868 312 1905 seditiones
354 1874 471 1904 contra
500 1870 642 1904 clericos
671 1873 834 1904 suscitare
863 1874 1064 1904 sueverunt:
1095 1881 1112 1903 a
1143 1869 1261 1916 quibus
1291 1872 1388 1904 etiam
1418 1872 1452 1904 in
1482 1869 1755 1904 confessionibus
1788 1869 1921 1915 fugiunt
1949 1880 2013 1903 nec

126 1933 292 1978 recipiunt
333 1931 574 1966 Ecclesiastica
610 1936 839 1966 sacramenta:
883 1936 915 1966 et
944 1935 1099 1966 inuentes
1128 1935 1239 1966 tacite.
1271 1934 1366 1978 quasi
1396 1931 1616 1966 Sacramenta
1646 1934 1679 1966 in
1708 1943 1824 1967 eornm
1858 1930 2012 1966 inanibus

128 1996 195 2028 sint
220 1993 356 2040 polluta.
401 1993 588 2029 Consilium
630 1998 741 2028 autem
778 1993 818 2027 de
848 1993 1036 2039 hujusmodi
1079 1993 1166 2028 aliud
1195 2004 1263 2028 non
1293 1993 1423 2037 danius,
1453 1996 1517 2028 nisi
1547 1993 1633 2040 quod
1663 1993 1849 2040 Apostolus
1879 1993 2013 2027 dedisse

128 2054 337 2101 dignoscitur
377 2058 463 2091 sicut
496 2067 609 2103 supra,
653 2055 738 2101 quod
776 2055 858 2089 tales
901 2055 1078 2099 nuberent,
1122 2067 1217 2090 suan]
1254 2055 1337 2090 dixit
1374 2055 1599 2090 omnimodam
1634 2055 1854 2090 voluntatem.
1891 2055 1945 2089 vel
1981 2057 2013 2088 in

128 2116 322 2164 approbatis
349 2117 570 2163 refigionibns
599 2117 822 2151 retrudantur.

314 2178 367 2214 De
395 2179 583 2214 infidelibus
612 2190 695 2213 vero
716 2182 802 2213 inter
830 2190 892 2213 nos
921 2178 1223 2216 conversantibus:
1250 2178 1325 2214 Deo
1355 2183 1452 2223 teste,
1482 2178 1523 2213 de
1552 2178 1731 2214 haereticis
1767 2178 1846 2213 nihil
1876 2180 2011 2213 scimus.

128 2240 180 2276 De
215 2240 355 2277 Judaeis
387 2252 472 2276 vero
509 2241 661 2276 dicimus.
704 2240 792 2286 quod
829 2240 1038 2276 Christianas
1073 2240 1195 2275 habent
1237 2243 1398 2275 nutrices.
1442 2252 1562 2276 usuras
1595 2245 1749 2288 patenter
1777 2243 1951 2282 exercent,
1982 2243 2013 2273 et

128 2314 190 2338 eas
218 2302 446 2349 indigentibus
476 2307 669 2349 aggravant
702 2303 784 2337 ultra
815 2302 965 2337 modum:
1000 2305 1031 2337 in
1063 2307 1198 2345 tantum,
1238 2306 1270 2336 ut
1304 2301 1391 2337 infra
1426 2314 1549 2336 annum
1578 2302 1749 2337 excedant
1777 2304 1877 2335 etiam
1907 2304 2013 2348 ipsam

128 2369 266 2399 sortem.
295 2364 434 2400 Publica
463 2369 628 2400 exercent
657 2364 786 2399 officia:
815 2364 1002 2403 teloneariiq
1033 2367 1211 2398 monetarii
1241 2364 1333 2409 fiunt‚
1363 2369 1394 2398 et
1424 2375 1499 2398 cnm
1529 2364 1613 2399 alias
1636 2367 1700 2399 sint
1721 2362 1885 2406 infideles,
1916 2362 2013 2396 fidem

128 2429 299 2461 minimam
328 2429 429 2461 etiam
459 2429 490 2461 in
520 2426 571 2460 his
600 2431 750 2461 servant.
782 2426 947 2460 Furantes
977 2426 1113 2469 calices,
1143 2430 1260 2460 vestes
1298 2437 1427 2469 sacras,
1467 2437 1530 2460 nec
1560 2438 1626 2460 non
1657 2430 1688 2459 et
1716 2424 1820 2459 libros
1850 2427 2015 2471 recipiunt

129 2499 147 2522 a
176 2487 318 2531 furibus„
348 2493 380 2523 et
409 2493 567 2523 servant:
609 2493 641 2522 et
670 2500 744 2522 euin
775 2491 823 2522 sic
853 2492 1013 2534 acceptos
1043 2492 1210 2533 cogantur
1238 2490 1416 2522 restituere
1446 2487 1636 2522 Christiani.
1671 2490 1698 2521 si
1733 2486 1819 2533 apud
1849 2498 1909 2520 eos
1939 2485 2015 2520 for-

128 2552 228 2584 tassis
256 2552 484 2593 inveniantur,
514 2549 634 2584 ,ludaei
664 2560 724 2584 eos
753 2552 932 2584 restituere
962 2560 1028 2583 non
1058 2553 1235 2593 coguntur.

314 2611 352 2646 ln
382 2610 433 2645 his
462 2610 629 2647 omnibus.
660 2621 747 2656 quae
776 2611 920 2646 Yestrae
951 2613 1148 2657 scripsimus
1178 2610 1366 2655 Sanctitati7
1398 2614 1425 2645 si
1456 2611 1604 2644 diminuti
1634 2609 1749 2644 forsan
1779 2609 1834 2643 vel
1857 2608 2014 2656 superflui

127 2674 335 2717 invenimur‚
381 2675 522 2719 petimus
558 2677 589 2706 ut
626 2677 740 2707 vestra
780 2673 938 2708 discretio
972 2677 1086 2719 parcat
1123 2672 1232 2707 nobis.
1276 2671 1438 2721 Voluistis
1473 2676 1583 2706 autem
1613 2675 1647 2705 nt
1682 2671 1780 2705 vohis
1815 2682 1888 2705 cuin
1925 2674 2013 2705 omni

1765 2731 1807 2762 47
